2062 3824
109 221 180 288 110
277 239 325 289 nn
352 239 580 289 onanoansrs
609 233 786 290 nranoc'ra

8 459 9 476 χ
104 393 162 454 cni
189 392 402 468 percontationi
434 397 501 451 tuae
528 390 710 468 respondere,
745 399 775 452 et
802 398 862 452 tam
885 411 978 472 *mag-

7 485 9 554 j
104 509 159 551 nae
186 494 363 568 quaestionis
386 493 498 566 pondus
525 495 728 567 exciperent
752 501 801 552 aut
826 496 865 552 de
892 497 978 570 inge·

104 589 161 650 niis
188 571 292 649 nostris
314 593 389 648 mate
416 589 644 650 existimandum
664 591 711 660 sit,
736 593 761 649 si
784 593 862 651 idem
888 596 976 651 adse·

103 690 152 766 qni
187 708 245 748 non
273 707 432 764 possumus,
467 695 517 747 aut
549 691 586 746 de
613 689 739 756 iudiciis,
769 691 795 747 si
827 694 976 761 nolumus,

105 791 168 858 vix,
181 791 308 854 hercule,
331 791 475 852 auderem,
494 788 520 844 si
541 789 611 846 mihi
627 805 690 846 mea
705 789 851 846 sententia
881 791 978 863 prote·

104 890 204 957 reoda,
229 905 264 946 ac
293 905 350 944 non
373 879 634 952 disertissimorum,
657 893 687 944 ut
707 887 810 944 nostris
835 887 976 962 tempori·

105 989 167 1055 bns,
197 988 345 1045 hominurn
372 1003 466 1042 sermo
493 985 667 1057 repetendus
693 990 779 1052 esset,
806 1003 879 1060 quos
902 1003 977 1044 ean·

105 1088 171 1144 dem
186 1087 262 1142 hanc
276 1085 474 1160 quaestionem
496 1087 713 1157 pertractantes,
734 1083 850 1141 iuvenis
873 1085 976 1142 admo-

105 1186 173 1242 dum
193 1183 302 1241 andivi.
343 1183 389 1239 lta
413 1199 472 1240 non
494 1181 622 1255 ingenio,
643 1182 694 1239 sed
720 1182 858 1239 memoria
879 1200 916 1240 ac
932 1201 976 1241 re·

106 1283 283 1346 cordatione,
307 1297 378 1354 opus
406 1287 460 1348 ert,
489 1285 530 1346 nt,
563 1297 637 1354 quae
664 1297 681 1336 a
715 1281 975 1353 praestantissimis

106 1380 177 1438 viris
196 1385 226 1434 et
248 1379 415 1452 excogitata
438 1379 589 1448 subtiliter,
611 1383 640 1434 et
664 1377 743 1434 dicta
765 1379 902 1452 graviter,
926 1395 976 1436 ac·

106 1480 182 1549 cepi,
208 1495 275 1536 conr
297 1477 405 1552 singuli
431 1478 571 1542 diversas,
600 1479 648 1533 vet
676 1477 801 1542 easdem,
828 1477 882 1534 sed
910 1494 974 1550 pro·

106 1579 218 1636 habites
231 1594 348 1633 caussas
371 1575 524 1642 adferrent,
551 1576 618 1632 dum
638 1575 758 1632 turmam
781 1574 826 1632 sui
850 1575 974 1651 quisque

6 1691 7 1694 ’
107 1681 137 1734 et
151 1675 240 1733 animi
255 1682 284 1732 et
308 1673 421 1749 ingenii
442 1675 585 1741 redderet,
607 1673 710 1731 iisdem
731 1689 808 1731 nunc
832 1675 974 1743 numeris,

106 1775 211 1833 iisdem
224 1774 382 1832 rationibus
397 1791 558 1847 persequar,
581 1778 698 1830 servato
718 1772 819 1829 ordine
844 1773 974 1848 disputa·

109 1874 206 1932 tionis.
235 1891 329 1947 neque
356 1871 434 1930 enirn
467 1869 567 1938 detuit,
600 1870 649 1945 qui
678 1871 824 1928 diversam
859 1889 973 1948 qunque

108 1979 219 2046 partem
240 1971 408 2042 susciperet,
422 1986 466 2036 ac,
491 1971 610 2026 muttum
636 1974 743 2025 vexata
763 1975 793 2025 et
817 1968 908 2028 inrisa
923 1987 973 2028 ve·

108 2075 225 2137 instate,
245 2077 403 2126 nostrorum
425 2072 584 2140 temporum
614 2066 809 2141 eloquentiam
843 2069 975 2144 antiquo·

108 2185 170 2226 rum
184 2166 309 2239 ingeniis
321 2165 484 2222 anteferret.

78 2263 98 2322 2
138 2265 215 2322 Nam
225 2262 497 2337 posterodie,quam
510 2263 655 2322 Curiatius
667 2263 817 2322 Maternus
827 2264 975 2324 Catonern

109 2366 290 2432 recitaverat,
304 2377 370 2420 cnm
390 2361 544 2419 offendisse
559 2363 719 2436 potentium
732 2362 843 2420 animos
862 2364 975 2422 dicere·

109 2470 163 2528 tur,
174 2471 318 2536 tamquam
339 2460 369 2518 in
381 2477 417 2517 eo
433 2461 597 2533 tragoediae
608 2468 786 2536 argumento,
797 2461 842 2518 sui
855 2445 974 2544 pbtitus,

109 2567 220 2621 tantum
232 2561 374 2620 Catonem
384 2557 547 2632 cogitasset,
559 2576 649 2634 eaque
660 2562 697 2617 de
709 2577 738 2617 re
749 2577 799 2634 per
812 2563 912 2618 urbem
921 2561 975 2620 ire·

108 2678 198 2737 quem
212 2675 307 2716 sermo
322 2659 483 2723 traheretur,
497 2660 693 2740 veneruntad
712 2675 776 2716 eum
793 2657 835 2716 Μ.
849 2661 933 2732 Aper
945 2663 975 2717 et

109 2760 200 2818 tutius
215 2759 373 2824 Secundus,
387 2755 575 2814 celeberrima
590 2759 649 2814 tum
664 2757 781 2831 ingenia
796 2757 848 2814 iuri
863 2757 973 2816 nostri:

107 2875 178 2934 qnos
205 2873 260 2930 ego
287 2855 318 2914 in
345 2854 460 2911 iudiciis
489 2871 547 2910 noa
576 2861 707 2929 utrosque
735 2857 820 2912 modo
843 2856 973 2914 studiose

108 2943 270 3022 audiebam,
292 2956 344 3012 sed
368 2956 447 3012 domi
472 2961 625 3028 quoquest
647 2955 678 3011 in
703 2955 819 3028 publico
843 2957 973 3014 adsecta-

109 3059 169 3122 bar,
196 3057 269 3114 rnira
291 3052 449 3114 studiorum
476 3051 636 3124 cupiditate
663 3059 693 3110 st
720 3047 842 3127 quodam
870 3057 973 3112 ardore

107 3152 241 3216 iuvenili,
268 3151 422 3208 uttabutas
446 3167 557 3224 quoque
577 3167 684 3218 eorum,
708 3156 738 3208 et
752 3151 974 3224 disputationes,
1023 3211 1024 3215 ,

108 3256 139 3308 et
171 3263 278 3305 arcana
310 3251 439 3304 semotae
472 3247 609 3305 dictionis
648 3247 762 3321 penitus
796 3250 974 3323 exciperem.

136 3419 253 3480 carmen]
285 3417 444 3476 Tragoediam,
454 3418 517 3476 auius
526 3418 585 3464 Cato
594 3422 644 3465 erat
653 3421 815 3477 argumentum.

136 3494 396 3558 maracheae]
429 3497 540 3544 tstetorte
576 3497 749 3544 sternimur.
767 3497 936 3559 aptemus.
954 3519 976 3551 u.

104 3558 156 3604 38³.
187 3553 364 3614 Hujussemndi
378 3555 456 3606 laudea
470 3553 533 3603 canit
553 3511 631 3606 grint.
644 3558 678 3617 tu,
692 3559 711 3615 t,
723 3557 772 3607 120.
783 3559 808 3606 u
817 3561 853 3618 12,
865 3563 902 3620 to,
912 3565 945 3611 lt.
