2062 3824
448 268 526 314 car.
551 249 586 314 l.
613 247 646 315 5.
914 253 983 319 113

109 431 158 484 ro.
173 417 199 476 si
221 417 337 491 poetica
350 417 513 490 adcusstur,
528 421 688 480 non'alium
702 419 791 480 video
804 439 883 480 reum
908 424 984 480 locu·

114 516 279 592 pletiorem.
706 595 709 604 Α

160 617 285 674 Secum
312 615 361 684 sit,
386 615 482 692 iuquit
506 618 596 691 Aper,
626 623 656 676 et
686 617 799 676 Saleius
823 619 930 676 Bassus
953 624 983 676 et

113 713 242 790 quisquis
256 713 332 770 aliua
352 715 478 772 studium
492 715 624 788 poeticae
638 721 668 772 et
682 716 841 774 carminum
862 719 983 791 gloriam

113 811 204 878 lavet,
224 830 293 870 cum
313 829 432 870 caussas
462 831 547 887 agere
579 832 636 871 uon
670 814 769 886 possit.
810 813 874 888 Ego
894 817 982 883 enim,

112 917 254 984 quatenus
283 910 422 968 arbitrum
451 913 510 968 litis
540 911 622 968 huius
643 911 755 978 inveni,
787 931 845 970 nou
881 915 982 986 pretias,

113 1008 281 1068 Maternum
305 1011 447 1068 societate
472 1012 594 1084 plurium
608 1013 746 1080 delendi;
766 1013 816 1070 aad
831 1013 924 1086 ipsum
938 1031 981 1070 so·

112 1109 171 1164 lum
195 1110 273 1180 apud
300 1126 352 1166 vos
376 1127 502 1183 arguam,
523 1113 597 1184 quod
620 1116 704 1168 natus
724 1112 761 1167 ad
785 1113 981 1188 eloquentiam

112 1207 228 1264 virilem
243 1213 274 1264 et
296 1207 459 1270 oratoriam,
473 1227 528 1282 qua
553 1227 653 1281 parare
667 1208 751 1266 simul
773 1218 801 1266 et
823 1213 896 1266 tueri
910 1210 980 1266 ami·

109 1305 205 1372 citius,
239 1306 402 1362 adsciscere
438 1306 579 1372 nationes,
612 1307 768 1380 complecti
803 1307 979 1378 provincias,

110 1404 208 1478 possit,
229 1404 339 1462 amittit
366 1403 499 1469 studium,
530 1422 586 1478 quo
617 1423 674 1461 nou
696 1405 774 1462 uliud
802 1407 832 1464 in
853 1389 989 1462 civitate·

110 1511 207 1560 nostra
223 1505 272 1558 vel
287 1503 323 1558 ad
347 1501 501 1558 utilitatem
525 1501 704 1572 fructuosius,
727 1507 775 1560 vel
796 1506 832 1561 ad
854 1505 977 1578 dignita-

108 1605 166 1658 tem
181 1602 316 1672 amplius,
342 1601 438 1656 velud
464 1601 540 1656 urbis
564 1601 669 1658 lamam
696 1601 851 1674 pulchrius,
877 1603 976 1660 velud

110 1701 196 1756 totins
213 1699 333 1770 lmperii
362 1704 447 1773 atque
471 1699 598 1756 omnium
621 1701 751 1774 gentium
776 1700 908 1758 notitiam
933 1702 975 1759 in·

110 1799 235 1862 lustrlns,
260 1798 421 1870 excogitari
450 1804 552 1870 potest.
595 1799 682 1862 Nam,
708 1798 733 1854 ai
754 1798 790 1854 nd
819 1797 974 1856 utilitatem

6 1951 7 1958 ,
104 1895 187 1952 ¹ritae
216 1897 315 1952 omnia
329 1895 451 1952 consiliu
465 1895 597 1969 iactaque
622 1905 719 1952 nostra
738 1895 885 1969 diligenda
898 1885 987 1964 sunt,i

5 1985 7 2050 ἕ
107 1997 173 2068 quid
202 1996 258 2052 erit
294 1995 390 2061 tutius,
424 2013 509 2069 quam
537 1987 601 2052 euni
635 2013 774 2052 exercere
797 2001 897 2062 artem,
918 1983 980 2071 qna}

108 2109 223 2166 semper
250 2100 375 2150 armatus
402 2094 575 2165 praesidium
600 2093 711 2161 amicis,
738 2111 829 2176 opem
859 2095 1008 2175 alienius

107 2196 230 2252 salutem
252 2191 490 2262 periclitantibus,
512 2192 620 2248 invidis
636 2209 706 2248 veru
728 2197 758 2248 et
774 2193 899 2250 inimicis
914 2198 981 2271 are-3³

6 2356 9 2370 .
106 2297 164 2350 turn
190 2297 220 2348 et
248 2299 381 2346 terrorem
406 2293 481 2346 ultro
505 2289 588 2356 laras,
612 2289 673 2364 ipse
697 2308 813 2348 securus
838 2303 867 2348 et
891 2278 980 2391 veluti

6 2389 7 2416 ¹
106 2395 230 2466 quadam
267 2399 403 2461 perpetua
432 2387 561 2460 potentia
588 2404 624 2444 ac
649 2395 790 2460 potestate
819 2387 979 2454 munitus?l

57 2489 68 2504 “
103 2489 188 2550 ,cuins
205 2489 249 2542 vis
264 2495 292 2544 et
309 2487 426 2552 utilitas,
447 2489 530 2542 rebus
556 2503 688 2559 prospere
712 2487 875 2554 fluentibus,
901 2488 971 2544 aliu·

6 2603 7 2612 *
105 2601 167 2642 rnm
181 2585 325 2658 praesidio
338 2592 368 2639 et
384 2586 472 2640 tutela
495 2583 682 2656 intelligitur:
704 2585 749 2641 sin
765 2588 908 2658 proprium
923 2605 970 2659 pe·

5 2647 9 2808 J
102 2683 226 2750 siculum
241 2682 392 2753 increpuit,
408 2699 465 2738 non
483 2683 608 2738 Hercule
630 2683 719 2739 lorica
742 2689 790 2739 ant
812 2685 923 2757 gladius
938 2686 969 2742 in

6 2855 7 2862 ἵ
101 2783 169 2840 acie
194 2783 302 2838 firmius
327 2780 545 2844 munimentum,
565 2798 649 2854 qnam
674 2799 724 2837 reo
742 2787 771 2836 et
792 2783 969 2854 periclitanti

6 2863 7 2952 i
30 2951 34 2958 ἱ
106 2880 563 2956 eloquentia,paraecialiumsimnl
589 2887 618 2935 et
646 2881 744 2946 telum,
773 2897 829 2954 quo
850 2899 969 2956 propug-

6 2955 8 2974 ,
106 2997 173 3038 nare
196 2980 305 3052 pariter
328 2985 357 3034 et
389 2977 545 3043 incessere,
573 2979 620 3034 vel
653 2978 683 3034 in
705 2977 822 3044 indicio,
848 2980 966 3038 sivein

106 3079 225 3145 Senatu,
245 3079 310 3132 sive
337 3077 412 3148 apud
443 3075 606 3146 Principem
634 3077 734 3148 possis.
789 3078 866 3148 Quid
888 3078 967 3136 aliud
1022 3057 1025 3072 γ

9 3209 12 3237 ,
104 3173 216 3232 infestis
231 3175 358 3246 patribus
381 3191 471 3252 nuper
493 3173 597 3246 Eprius
613 3173 779 3238 Marcellus,
801 3193 886 3247 quarn
909 3179 967 3234 elo·

102 3275 251 3348 quantiam
275 3291 364 3336 suum,
385 3267 541 3344 opposuit?
563 3287 618 3343 qua
640 3272 791 3327 accinctus
805 3277 833 3325 et
857 3273 968 3354 minax,
1024 3291 1025 3300 ¹

103 3371 237 3430 disartam
260 3372 386 3444 quidem,
400 3369 451 3424 sed
472 3366 698 3424 inexercitatam
712 3371 743 3419 et
755 3364 895 3418 eiusmodi
908 3381 968 3420 cer·

8 3450 13 3601 Ι
141 3483 210 3528 run.
232 3485 279 3524 ur.
576 3455 647 3532 Ψ*

7 3604 12 3690 l

7 3711 10 3743 l
