2062 3824
42 197 116 270 let
219 219 268 268 nn
295 217 538 270 onsuonunvs
565 215 759 268 nrsnocrs

40 391 150 447 nempe
164 377 196 431 et
209 371 310 431 Pansa
325 389 420 442 coss,
434 377 468 430 ut
490 372 570 431 ‘l'iro
584 351 714 431 tibertus
730 374 796 432 eius
819 367 930 445 scripsit,

33 471 170 545 septima
185 471 256 529 Idus
271 471 456 530 Decembris
470 471 591 528 occisus
621 477 681 540 est,
711 490 775 548 quo
801 487 875 532 anno
897 468 931 526 D.

43 572 198 644 Augustus
212 570 244 626 in
258 571 361 626 iocum
375 569 495 627 Pansae
509 574 541 626 et
556 568 654 627 Hirtii
668 589 704 628 se
717 576 751 628 et
767 573 804 644 Q.
826 567 934 628 Pedium

43 685 124 727 coss.
146 667 273 726 suffecit.
299 671 399 725 statue
414 685 470 724 sex
484 673 515 724 et
535 667 763 743 quinquaginta
778 685 877 734 annos,
887 663 939 741 qui·

43 769 99 825 bus
113 783 185 824 mox
200 766 301 823 Divus
314 767 470 839 Augustus
486 766 724 838 Rempubticam
740 768 835 837 rexit;
856 763 939 822 adiice

46 865 168 923 Tiberii
179 869 238 922 tres
249 869 281 920 et
291 863 412 937 viginti,
423 871 455 922 et
467 881 558 938 propa
572 865 813 938 quadriennium
828 864 901 931 Caii,
913 877 943 920 uc

46 965 93 1022 bis
108 969 267 1038 quaternos
281 964 377 1020 denos
393 963 517 1022 orsuuti
531 967 563 1020 et
586 963 724 1022 Neronis
738 983 848 1030 annos,
868 969 944 1037 atque

48 1063 146 1140 ipsum
157 1063 276 1120 Galbae
290 1066 322 1117 et
336 1061 469 1120 Othonis
483 1067 514 1119 et
527 1061 655 1119 Vitellii
669 1081 768 1122 unum
782 1081 900 1131 annum,
919 1077 949 1119 ac

51 1166 170 1222 sentam
182 1159 243 1217 iam
256 1159 355 1217 seticis
370 1159 460 1220 huius
485 1160 678 1234 Principatus
704 1164 882 1230 stationem,
901 1175 951 1236 qus

52 1257 259 1332 Vespasianus
270 1259 505 1331 Rempuincam
528 1261 622 1326 iovet,
643 1266 774 1318 centum
799 1269 833 1320 et
853 1259 954 1336 viginti

56 1357 129 1418 anui
142 1357 181 1414 eb
193 1356 317 1414 interitu
333 1357 493 1416 Ciceronis
507 1357 540 1416 in
554 1359 636 1416 hunc
650 1358 735 1418 diem
756 1361 955 1435 conliguntur,

57 1455 144 1516 unius
164 1455 295 1513 hominis
316 1461 410 1514 setas.
453 1457 535 1515 Nam
558 1454 624 1530 ipse
649 1475 709 1531 ego
734 1457 769 1517 in
802 1457 958 1517 Britannia

61 1553 125 1615 vidi
138 1571 252 1623 renem,
265 1553 317 1630 qui
339 1571 373 1611 se
396 1555 540 1614 fateretur
563 1555 613 1612 ‘ei
638 1574 760 1630 pugnae
783 1557 961 1623 interfuisse,
1009 1537 1012 1562 ⁴

63 1663 141 1732 ‘qua
169 1653 340 1722 Gaesarem,
362 1653 543 1714 inferentem
567 1671 649 1712 arma
670 1653 848 1727 Britannis,
869 1671 965 1714 arcere
1015 1660 1018 1724 ἶ

66 1753 219 1816 ‘litoribus
233 1759 264 1812 et
277 1755 389 1828 petiere
403 1756 538 1830 adgressi
559 1753 648 1812 sunt.’
690 1755 740 1812 lta
762 1757 791 1813 si
819 1775 901 1825 eum,
920 1753 968 1831 qui

70 1825 197 1919 armaius
211 1853 248 1913 (i.
263 1854 388 1913 Caesari
401 1854 523 1924 restitit,
538 1857 589 1913 vel
603 1853 778 1928 captivitas,
793 1859 852 1914 vel
869 1859 970 1914 volun·
1022 1872 1023 1878 ¹

73 1965 128 2024 tus,
151 1953 309 2012 retiatum
333 1953 453 2027 aliquod
475 1953 508 2013 in
530 1956 632 2012 urbem
659 1953 873 2028 pertraxisset,
894 1953 974 2012 idern

77 2059 237 2120 caesarem
250 2053 347 2127 ipsum
360 2057 392 2110 et
414 2052 596 2113 Ciceronem
610 2041 711 2112 audire
725 2052 838 2125 potuit,
853 2058 889 2111 et
911 2070 976 2112 noe

79 2156 131 2221 tris
154 2169 268 2228 quoque
292 2149 460 2211 actionibus
482 2154 639 2212 interesse.
680 2145 829 2226 Rioximo
852 2153 980 2228 quidem

82 2249 234 2329 ,ongtsrto
246 2251 306 2326 ipsi
318 2250 436 2309 uidistis
463 2255 619 2330 pterosque
640 2269 738 2320 senes,
758 2249 819 2325 qui,
836 2267 873 2308 se
896 2268 918 2308 a
938 2251 981 2308 D.

86 2369 198 2444 quoque
212 2352 347 2428 Augusto
357 2353 450 2410 semet
465 2359 554 2430 atque
567 2354 675 2412 iterum
686 2349 843 2424 accepisse
855 2347 987 2425 congia·

87 2465 171 2530 ptum,
183 2455 352 2512 narrabant.
372 2469 411 2511 ex
426 2469 484 2527 quo
497 2451 610 2528 conligi
625 2454 730 2527 potest,
750 2453 781 2506 et
803 2448 987 2508 Corvinum

91 2569 129 2631 sb
141 2556 201 2620 tttts
214 2561 246 2618 et
263 2554 401 2618 Asinium
423 2552 519 2612 audin
532 2554 671 2630 potuisse.
711 2550 792 2609 Nam
820 2548 989 2610 Corvinus

36 2763 38 2770 ’
126 2737 229 2806 Sqfftdt]
260 2737 388 2788 interiectis
396 2729 523 2783 comulibm
536 2730 611 2778 Pausa
625 2735 650 2778 et
664 2726 750 2783 Hirtio,
763 2722 853 2792 mtterti
861 2729 926 2772 unt
936 2737 995 2774 ecn-

37 2813 39 2854 1
99 2796 459 2868 mlacefflrOettviMictup
466 2794 547 2853 poetes
559 2782 855 2851 Augustuaetssffleduus.

39 2861 42 2914 i
131 2887 257 2942 cmm
271 2880 356 2941 uiginti
369 2875 436 2935 mr]
466 2869 576 2918 Rotunde
590 2869 682 2917 dictam.
713 2865 774 2913 Nam
788 2860 851 2907 inter
860 2860 1001 2911 Ciceronis

103 2957 199 3011 uatem
207 2949 232 2992 et
241 2939 373 3006 Vespasiani
382 2948 464 2986 annun
473 2933 560 2977 sextum
569 2936 622 2976 runt
630 2935 718 2976 tantum
727 2921 780 2970 anni
793 2923 841 2967 117.

49 3071 50 3084 ψ
126 3000 1002 3168 musaeus-ruffi

108 3121 756 3269 amputaratttarautus,
790 3123 1007 3250 Restm&

227 3264 319 3319 omns,
333 3259 393 3321 qood
406 3271 427 3301 c.
438 3243 569 3299 itidissfit
582 3244 649 3301 dicit,
662 3257 690 3290 sse
703 3238 759 3300 psat
770 3236 798 3281 de
811 3233 889 3280 canu
907 3242 1009 3284 mm
