2062 3824
428 143 509 224 ‘cuin
535 157 569 224 2.
592 158 626 246 3,
862 163 927 230 ιιι

69 325 199 402 quamvis
224 327 353 400 maligne
377 328 507 404 tutarique
530 329 725 404 opinaremur,
745 347 801 392 uec
824 331 933 392 Saeuu-

67 427 100 482 do
135 437 300 499 promptum
330 445 394 484 esse
428 445 598 495 sermonem,
631 435 661 486 st
684 432 794 502 Aprum
815 431 934 508 ingenio

68 526 164 596 potius
185 531 215 582 et
238 526 268 582 vi
298 535 427 588 naturae,
447 545 532 600 quarn
556 527 739 586 institutione
767 536 797 588 st
821 529 934 600 litteris,
1018 581 1019 586 ,

69 622 174 681 umam
192 626 380 700 eloquentiae
400 632 597 684 consecutum.
639 626 717 684 Nam
740 632 771 684 et
799 628 936 686 Secundo

72 739 157 794 purus
184 729 215 780 et
248 741 375 798 pressus,
395 729 434 791 et,
455 724 484 780 in
505 729 642 798 quantum
669 725 741 782 salis
771 731 843 792 erat,
875 741 936 798 pro·

73 819 162 876 bueus
189 838 285 878 sermo
306 839 364 878 non
385 822 495 879 sleluit:
515 828 545 878 et
561 824 651 896 Aper,
670 823 817 882 communi
844 825 936 882 erudi-

72 918 150 976 tione
182 920 311 986 iobutus,
344 923 549 978 contemnebat
581 921 675 993 potius
710 922 817 989 literas,
850 939 935 996 quam

73 1016 229 1084 nesciebat,
251 1023 397 1091 tamquam
420 1019 556 1076 maiorem
576 1018 734 1076 industriae
767 1024 796 1076 et
830 1021 936 1076 laboris

73 1116 191 1188 gloriam
227 1117 385 1180 habiturus,
405 1117 431 1174 ai
449 1117 598 1191 ingenium
622 1117 684 1174 eius
715 1117 802 1175 nullis
828 1117 935 1176 aliena·

75 1229 132 1270 rum
146 1215 252 1270 artium
267 1215 451 1272 adminiculis
465 1215 551 1272 inuiti
566 1215 719 1272 videretur.

111 1313 213 1384 igitur,
228 1317 260 1369 ut
274 1313 445 1370 intravimus
458 1314 623 1372 cubiculum
638 1314 775 1383 Materni,
785 1317 935 1374 sedentem
947 1321 968 1379 3

74 1410 173 1482 ipsum,
188 1418 228 1477 et,
249 1429 334 1486 quem
353 1412 443 1484 pridie
464 1411 647 1482 recitaverat,
663 1412 765 1472 librum
789 1414 864 1472 intra
879 1429 936 1472 nse·

74 1527 124 1568 nus
151 1512 320 1576 habentem,
332 1512 583 1582 deprehendimus.

131 1610 211 1666 Tum
247 1611 419 1666 Secundus:
455 1609 545 1666 Nilne
585 1613 624 1676 te,
656 1608 759 1684 inquit,
794 1609 936 1680 Materne,

77 1707 187 1764 fabulae
221 1707 412 1780 malignorum
446 1713 563 1772 terrent,
597 1724 654 1782 quo
685 1707 780 1764 miuus
813 1707 937 1764 offensus

79 1806 196 1864 Catonis
212 1806 254 1864 tui
268 1802 369 1862 umes?
393 1809 440 1864 An
461 1806 528 1862 ideo
543 1805 645 1863 librum
669 1805 756 1868 istum
780 1785 938 1878 adprehen-

77 1905 152 1971 disti,
181 1913 210 1962 ul
235 1903 403 1976 diligentius
425 1910 603 1970 retractares,
622 1889 652 1959 et
672 1903 801 1968 sublatis,
821 1903 847 1960 si
866 1919 938 1976 quas

78 2020 195 2076 pravam
216 2003 425 2074 interpretandi
449 2003 599 2060 materiam
620 2003 770 2066 dederunt,
791 2000 938 2062 emitteres

79 2103 228 2170 catonem,
250 2119 308 2159 non
335 2103 450 2176 quidem
471 2101 629 2168 meliorem,
649 2101 701 2158 sed
731 2104 827 2158 tumen
857 2117 938 2158 secu·

77 2197 203 2260 nomm?

128 2301 210 2358 'l'um
240 2299 302 2365 itte,
330 2299 425 2372 Leges
456 2303 496 2364 tu,
528 2296 596 2372 qnid
626 2296 775 2354 Maternus
805 2296 861 2354 sibi
889 2296 938 2356 de·

77 2399 178 2478 buerit,
199 2405 230 2454 et
251 2413 401 2470 agnosces,
422 2413 494 2470 quae
516 2395 631 2452 audisti.
651 2397 726 2469 quod
748 2396 773 2452 si
793 2413 850 2470 qua
868 2395 938 2452 omi·

78 2498 115 2556 sit
129 2498 215 2562 Cato,
228 2495 361 2570 sequenti
375 2495 546 2552 recitatione
558 2494 707 2568 Thyestes
721 2493 810 2552 dicet.
852 2493 938 2550 Hauc

78 2597 155 2656 euim
169 2593 347 2670 tragoediam
370 2592 498 2668 disposui
511 2592 570 2650 iam
592 2596 623 2650 et
646 2592 722 2649 intra
740 2607 787 2648 me
811 2591 873 2664 ipse
886 2589 939 2648 lor·

79 2695 168 2754 suavi.
220 2695 319 2768 Atque
346 2691 413 2748 ideo
436 2696 578 2748 maturare
601 2689 668 2748 libri
682 2688 766 2746 huius
780 2688 939 2748 editionem

78 2793 193 2860 teatino,
221 2798 254 2850 ut
279 2789 398 2848 dimissa
425 2789 520 2862 uriom
545 2804 744 2858 cumesses
770 2785 941 2864 cogitationi

80 2893 140 2948 toto
153 2894 271 2963 pectore
285 2888 458 2946 incumbam.

138 2988 225 3046 Adeo
251 2991 281 3044 te
308 2986 473 3060 tragoediae
506 2985 579 3044 istae
607 3002 665 3044 nou
686 2983 810 3051 satiant,
846 2983 941 3059 iuquit

81 3085 169 3160 Aper,
196 3101 253 3160 quo
272 3085 376 3150 miuus,
394 3083 507 3140 omissis
533 3081 696 3140 orationum
719 3088 749 3138 et
775 3064 941 3142 caussarum

81 3185 189 3254 studiis,
219 3202 305 3244 omne
336 3189 448 3257 tempus
479 3183 565 3240 modo
593 3183 674 3240 circa
703 3179 848 3246 Medeam,
867 3197 940 3237 ecce

109 3341 169 3396 Aser
178 3336 291 3390 mussi
305 3335 430 3384 eruditione
443 3333 551 3392 imbertus]
581 3328 710 3377 Communis
720 3325 816 3372 eruditio
824 3325 906 3370 dicitur
915 3325 944 3370 de

80 3395 206 3458 ttsdpunis,
217 3395 297 3458 quibus
305 3394 412 3441 liberales
421 3391 522 3438 homines
531 3389 598 3444 vulgo
608 3383 770 3430 imbuebantur.
801 3379 861 3424 lim.

114 3474 228 3536 W]
258 3459 790 3529 Altero-atnoemsngosuiaesrgnneoton.
