2062 3824
85 181 156 252 106
262 201 566 252 neocesariense
593 202 786 251 otecocrs.

80 359 190 408 11-13.
217 355 357 408 Maternae
385 364 475 408 cantra
493 355 607 422 poeticae
641 355 757 408 stadium
784 355 957 410 securitatem

111 452 246 514 praestare
274 453 296 496 et
323 447 506 504 innocentiam,
536 445 666 496 maiorem
697 459 796 510 quoque
824 446 955 509 garten,
1020 431 1021 504 Ῐ

115 551 194 604 quom
197 535 317 604 sorensis
330 537 404 587 lator
416 536 543 594 succedat,
558 534 625 600 quod
636 535 712 585 aurei
724 535 821 585 eaeceeti
833 536 956 600 exemplo

114 632 217 678 constet.
257 625 423 692 Voluptatem
446 639 529 690 porro
539 624 678 690 puriorem
697 621 802 690 adferre
827 639 957 675 secessum

114 717 144 768 in
165 731 272 767 nemora
292 721 316 766 et
340 716 418 774 lucos,
439 729 517 779 qoam
540 713 743 777 sanguinantem
766 713 954 777 eloquentiam.
1020 703 1021 750 ἶ

115 803 214 858 Dulsee
228 803 318 856 Musas
334 819 455 856 revocare
479 818 539 856 suae
558 803 668 853 cultores
687 817 705 853 a
724 801 949 854 sollicitudinibus

84 937 87 944 .
115 903 139 948 et
152 896 231 946 suris.
1020 877 1021 884 ἵ

82 983 297 1050 lesmorensi
320 981 463 1048 Vipstanus
483 980 605 1034 Messala.
655 979 690 1040 Is,
711 979 884 1046 cerimonem
908 979 955 1030 ad-

115 1075 238 1134 mirator,
256 1071 364 1139 Aprum
388 1085 543 1124 anouarum
556 1073 692 1122 reeeonem
703 1065 777 1122 mare
790 1070 824 1120 ad
840 1075 955 1120 ruerem
1020 1073 1021 1128 t

106 1161 232 1230 sormam
248 1163 469 1214 traderenititar.
507 1163 615 1212 15-18.
634 1158 711 1225 Aper
734 1173 885 1224 repugnans
898 1173 956 1210 mo·
1020 1177 1021 1198 t

116 1258 156 1305 aet
168 1253 351 1317 qseaeste'onem.
369 1251 476 1316 quinam
495 1232 610 1301 oratores
633 1250 742 1300 uocandi
763 1249 816 1300 sint
836 1247 954 1312 antiqui.
1020 1283 1021 1312 ἐ

116 1341 174 1394 Hae
202 1346 360 1394 uenerantur
380 1339 503 1400 Messala,
524 1339 663 1399 Senoniae,
685 1337 834 1390 Maleneus.
879 1336 959 1404 Aper

117 1430 213 1482 soeculi
224 1431 266 1482 eui
280 1437 369 1496 partes
392 1435 547 1490 coetaneos
566 1435 659 1480 veteres
679 1444 731 1480 esse
743 1427 863 1478 dicendae
884 1427 958 1480 ieedi·

117 1527 237 1584 cat,quoe
257 1519 556 1571 comemdemnaminum
579 1533 656 1568 aures
679 1518 834 1581 adgnoscere
863 1522 959 1581 patue-

116 1610 180 1660 rint.
217 1606 371 1660 Ciceronem
390 1614 413 1659 et
433 1613 590 1667 coaetaneae,
605 1606 669 1672 sere
690 1608 721 1658 in
739 1606 824 1658 medio
840 1605 956 1670 poeitae,
1020 1609 1021 1676 ξ

115 1699 147 1750 ai
163 1699 332 1764 antiquorum
349 1695 454 1748 adseclie
474 1697 531 1748 istie
552 1695 690 1748 accenseri.
729 1694 761 1746 In
782 1695 825 1753 iis,
839 1696 887 1760 qui
912 1711 959 1747 vo-
1020 1695 1021 1760 ζ

117 1793 208 1840 centur
239 1787 349 1853 aeuiqui,
375 1787 465 1852 plnres
485 1786 641 1852 deprehendi
669 1785 773 1851 species,
795 1799 842 1835 nec
868 1799 959 1837 unum
1020 1791 1021 1854 ζ

116 1891 168 1929 eeee
191 1877 352 1942 eloquentiae
376 1875 487 1928 cultum.
533 1872 702 1939 Malignitate
723 1876 841 1925 numana
864 1881 958 1926 astera
1020 1875 1021 1938 J

116 1967 147 2017 in
160 1965 241 2025 laude,
252 1964 400 2030 praeuntia
419 1962 567 2030 infastidia
579 1979 640 2014 cese.
680 1965 719 2014 19.
739 1962 863 2014 Caesium
878 1962 961 2016 Seue·

116 2069 187 2113 rum
202 2069 277 2118 quem
297 2054 441 2105 terminum
465 2051 630 2120 antiquitatis
654 2055 849 2114 constituant‚a
871 2062 960 2107 cetere

100 2143 218 2212 ‘flecisse
239 2143 282 2195 nia
299 2159 353 2194 nan
376 2143 489 2204 inscitia,
503 2144 546 2196 scd
568 2144 667 2196 iudicio
690 2150 714 2194 et
726 2143 875 2200 intellectus
895 2159 960 2197 cum

118 2233 264 2286 conditione
276 2237 424 2298 temporum
437 2248 466 2284 ac
478 2233 624 2284 diversitate
642 2231 882 2298 auriumformam
895 2250 960 2300 qao·

117 2335 165 2389 qne
190 2318 419 2386 orationiefuiese
440 2323 602 2374 mutandam.
651 2325 694 2373 20.
718 2321 811 2374 Variis
832 2325 959 2376 scatuiese
1020 2381 1021 2404 ¹

118 2417 228 2464 ueterem
254 2411 427 2476 eloquentiam
448 2411 527 2463 vitiis.
565 2409 728 2462 Auditorum
748 2426 876 2463 coronam
901 2415 959 2466 cai-
1020 2423 1021 2460 2

114 2515 176 2567 gere
197 2499 252 2552 iam
264 2501 398 2552 laetiorem
416 2507 439 2552 ct
449 2502 611 2567 pulcriorem
624 2503 768 2553 orationem
782 2508 806 2552 ct
821 2505 958 2568 poeticum
1020 2511 1021 2538 ³

116 2591 241 2642 decorem.
277 2587 623 2642 21.'22.Dttadiooedetn
646 2589 724 2656 Aper
746 2589 831 2651 Calui,
860 2591 956 2654 Caelii,
1020 2565 1021 2592 ³

100 2677 245 2739 ‚Caesaris
266 2677 356 2739 Bruti,
375 2677 478 2739 Asinii,
506 2678 616 2730 Corvini
634 2681 764 2731 orationes
784 2687 808 2731 et
821 2683 955 2743 carmina,
1017 2677 1021 2742 ,J

118 2775 142 2819 et
159 2769 299 2834 praecipue
317 2767 460 2828 Ciceronis,
481 2768 556 2820 cuius
576 2769 664 2820 laedes
687 2770 758 2820 canit
780 2775 803 2821 ct
822 2770 892 2823 aitia
912 2789 954 2824 re·
1020 2751 1021 2806 ἶ

113 2857 260 2923 pretecndit,
286 2871 350 2923 quae
382 2858 437 2908 sola
458 2857 589 2923 perversis
616 2859 796 2910 imitatoribus
822 2862 956 2926 placeant.

104 2947 159 2998 23.
183 2945 282 2997 Veram
302 2961 353 2996 csse
370 2946 528 3012 eloquentiae
557 2951 649 3008 artem,
675 2949 847 3014 antiquorum
867 2951 956 3003 laetis-

116 3034 185 3086 sima
204 3049 315 3098 quaeque
336 3033 442 3086 imitari
465 3041 489 3086 et
509 3051 524 3087 a
541 3037 686 3090 recentibus
699 3035 824 3104 feliciter
848 3045 956 3106 reperta
999 3079 1005 3096 ,

116 3137 234 3174 messere.

82 3213 125 3266 24.
146 3209 205 3262 tam
225 3207 363 3260 Maternae
381 3211 502 3262 tonatur
523 3209 675 3272 Messalam,
698 3221 735 3276 ut,
761 3215 844 3266 missa
866 3217 958 3270 merda·

118 3299 187 3350 tione
212 3299 389 3364 antiquorum.
414 3299 460 3363 qui
472 3301 519 3351 illa
535 3317 589 3352 non
612 3302 755 3366 indigeant,
783 3319 891 3358 caussas
915 3323 959 3359 es·

64 3443 71 3450 ,
116 3393 231 3457 promat,
255 3387 344 3440 curin
372 3393 474 3442 tantum
494 3389 526 3441 aa
546 3405 637 3444 eorum
656 3381 802 3463 eloquentia
820 3396 960 3450 recesserit
