2096 3840
26 227 49 292 4
112 315 117 326 ¹
248 245 296 293 na
322 241 480 293 naama
507 243 720 296 enarramra

25 397 143 456 trionaIi
178 396 300 456 Oceano
334 398 480 456 miscetur.
547 398 710 468 Danubius,
747 397 830 456 moiii
862 401 896 456 et
941 419 944 424 ·

25 497 187 554 clementer
199 497 280 553 edito
312 497 419 554 montio
442 497 586 554 Abnobae
608 497 676 571 iugo
696 497 812 563 eduam,
836 497 897 568 piu·
946 535 962 558 ,

28 611 75 650 rea
114 597 234 668 populos
262 594 332 661 adit,
368 596 463 651 donec
488 595 518 651 in
554 594 707 653 Ponticum
743 612 822 652 mare
843 611 897 650 aex

29 693 172 750 meatibus
207 692 340 766 erumpit.
378 692 532 766 septimum
563 693 642 750 enim
678 711 711 750 oa
746 692 898 767 paludibus

27 781 164 848 hauritur.

0 913 8 948 r
38 939 41 944 .
90 893 172 962 ipaoa
203 891 368 948 Germanos
405 889 558 964 indigenae
591 889 772 958 crediderim,
813 891 899 949 mini·

27 1007 130 1064 meque
164 988 284 1046 uiiarum
320 989 450 1062 gentium
483 989 657 1046 adventibus
695 995 725 1046 et
762 989 898 1064 hospitiis

29 1089 153 1160 mixtoa;
172 1088 239 1163 quia
267 1105 322 1145 nec
347 1093 421 1143 terra
447 1087 528 1153 oiim,
554 1089 605 1144 aed
630 1088 779 1156 ciaaaibua,
809 1089 898 1146 adve-

27 1187 178 1252 hebantur,
202 1187 250 1261 qui
273 1192 383 1244 mutare
404 1187 487 1243 aedes
510 1188 706 1260 quaerebant:
728 1193 757 1244 et
785 1189 899 1246 inmen-

27 1303 75 1344 aua
110 1277 307 1360 uitro,'utqne
335 1287 379 1342 sic
408 1285 542 1351 dixerim,
574 1273 713 1342 adversus
749 1287 898 1356 Oceanus,

27 1387 97 1442 raris
122 1387 159 1440 ab
180 1386 248 1440 orbe
276 1391 374 1442 nostro
402 1384 526 1441 navibus
551 1385 652 1440 aditor.
705 1385 777 1456 Quia
804 1403 898 1458 porro,

28 1489 141 1562 praeter
165 1483 324 1556 pericnlum
346 1481 455 1540 horridi
473 1486 503 1538 et
526 1481 618 1554 ignoti
633 1482 728 1548 maria,
755 1483 827 1540 Auia
847 1477 921 1542 autv

29 1567 133 1640 Africa
160 1586 210 1638 aut
234 1582 322 1640 ltalia
348 1581 462 1650 relicta,
489 1579 679 1644 Germaniam
693 1579 828 1653 peteret?
856 1581 914 1638 inv

28 1680 150 1737 formem
185 1679 277 1746 terrie,
311 1697 443 1752 aaperam
476 1681 569 1745 coeio,
596 1678 706 1736 tristem
742 1682 821 1736 cuitu
849 1680 900 1736 ad·

29 1787 197 1852 naeniaque,
211 1778 269 1835 nisi
295 1759 324 1834 ai
335 1779 428 1851 patria
454 1776 501 1834 ait·
543 1777 699 1834 Celebrant
721 1777 899 1834 carminibus

29 1877 257 1956 antiquiatquod
284 1893 373 1934 unum
396 1877 472 1951 apud
495 1875 562 1938 ilios
586 1877 742 1933 memoriae
756 1883 786 1932 et
811 1893 900 1934 anna·

32 2034 65 2078 1⁵.
97 2029 180 2076 Cautio
189 2035 230 2086 eat,
240 2045 270 2076 ne
286 2045 336 2076 mm
347 2029 374 2076 iia
383 2029 438 2076 lotia
457 2041 597 2090 quaeramur,
607 2029 645 2074 ubi
663 2043 739 2076 ueram
756 2029 899 2133 participium

29 2096 72 2148 eat,
82 2095 107 2134 ut
117 2089 173 2134 bene
190 2094 265 2134 monet
285 2089 393 2144 Duirerua,
413 2087 535 2148 exquisitae
545 2086 579 2130 vir
600 2088 754 2143 domninam
788 2087 838 2135 Liv.
859 2091 899 2146 38,

29 2151 65 2195 bl.
97 2147 147 2192 Hoc
158 2148 208 2192 loco
217 2147 357 2207 participium
377 2160 495 2204 agnoscere
512 2145 630 2192 nonlicet.
663 2146 723 2192 Nam
742 2147 900 2206 copuiadebe·

28 2211 64 2253 ret
73 2220 120 2251 esse
130 2212 179 2274 poet
186 2211 255 2261 ortua,
266 2207 297 2250 ric
307 2224 313 2250 ι
329 2210 348 2250 et
358 2204 517 2263 madicofleaa,
528 2210 571 2250 etc.
603 2203 690 2250 Madian
699 2203 757 2262 stat.
769 2205 797 2251 0.
809 2220 830 2250 u.
847 2211 898 2254 est:

29 2265 67 2310 ubi
78 2265 163 2310 modrce
172 2278 247 2309 versuo
257 2263 401 2310 Occidentem
411 2278 435 2309 ae
450 2264 517 2309 flexit.
550 2263 608 2310 Mox
617 2263 680 2308 mulii
688 2268 707 2309 at
716 2265 832 2310 clenaenter
841 2265 900 2310 edita

29 2324 82 2381 iugo
101 2323 259 2380 synonymiae:
277 2336 305 2367 ne
323 2321 435 2375 Tacitum,
452 2321 568 2367 brevitatis
586 2326 706 2380 auctorem,
725 2322 781 2368 talia
798 2323 900 2382 refugere

29 2387 102 2443 putea,
113 2381 150 2426 ubi
160 2381 268 2442 exquisita
278 2380 346 2426 verba
356 2381 378 2427 in
390 2386 477 2440 promtu
487 2385 544 2426 aunt,
577 2380 637 2426 Ero.
737 2403 740 2412 ι

59 2459 190 2519 Indigenas]
224 2458 349 2516 indigenae,
366 2463 390 2504 et
407 2459 493 2520 quaaie
512 2464 571 2503 terra
582 2457 692 2518 prognati,
703 2458 816 2504 veteribus
831 2459 900 2519 atrip-

29 2518 114 2564 toribna
123 2517 178 2564 dicti
187 2522 238 2563 aunt
256 2517 332 2578 popuii
342 2531 426 2574 omnea,
436 2531 528 2577 quornm
538 2517 602 2572 origo
617 2530 655 2562 eon
664 2516 758 2563 latebat.
790 2517 899 2564 Nostram

29 2591 53 2623 au
83 2577 208 2636 rioremque
223 2581 322 2622 aetatem
337 2577 430 2622 meliora
448 2576 525 2621 docuit
542 2576 613 2631 major
630 2575 760 2620 emditionia
777 2576 848 2636 copia,
868 2577 902 2623 ta-

29 2637 48 2680 ci
68 2649 95 2682 or
102 2635 282 2704 frequentiorque
292 2635 486 2694 perigrinatiouum
504 2649 562 2688 uana,
573 2648 599 2679 ac
610 2634 706 2680 maxime
716 2633 839 2692 linguarum
859 2649 899 2681 no·

27 2694 87 2740 titia.
120 2695 148 2739 lia
165 2693 265 2739 arbaidim
275 2699 353 2752 aperta
364 2692 439 2738 mundi
455 2692 593 2738 commercia,
631 2692 900 2750 Emditiaomnibuajam

27 2768 76 2800 torn
106 2758 172 2806 mrim,
183 2751 539 2809 Scythicameaaetiermaaorom
554 2750 669 2809 originem.
701 2751 900 2811 ipraqueGerma-

27 2812 66 2858 nia
91 2811 183 2868 cytbiae
192 2810 336 2864 contermina,
347 2809 403 2856 Plio.
414 2810 480 2856 Viii.
498 2813 532 2856 ln.

57 2889 225 2936 Adamtibauet
239 2887 358 2947 Hurpa'tiia]
391 2887 466 2934 Aliter
473 2891 497 2932 et
515 2901 568 2933 rere
578 2887 671 2934 Tacitae
688 2887 746 2934 inira
755 2903 804 2948 cap.
824 2889 854 2936 28
871 2895 899 2936 et

27 2951 62 2996 13.
99 2948 184 3003 Galloa,
204 2947 314 2993 Gotirinaa
333 2952 355 2992 et
375 2947 439 3000 ana,
458 2946 554 2992 advena·
577 2952 644 3006 atque
663 2947 702 2992 lroa
720 2946 760 2991 itae
778 2956 899 2996 memorat.

27 3007 69 3054 iiia
85 3012 159 3052 taurea
176 3004 309 3051 adventibus
327 3007 350 3048 et
369 3005 470 3064 hospitiis
488 3004 578 3050 minime
595 3004 677 3051 mixtos
696 2961 827 3061 (germanae,
847 3021 902 3053 een·

26 3071 76 3110 rent
85 3065 167 3110 eruditi
177 3063 294 3110 Germani:
312 3061 357 3108 vim
374 3062 459 3123 imperii
478 3077 545 3122 perrea
561 3077 598 3108 eoa
616 3077 703 3123 semper
712 3063 792 3109 suinae:
817 3064 901 3111 alieni-

26 3137 94 3181 genae
112 3135 167 3168 vero
184 3121 286 3182 precarid
297 3125 391 3176 tantum,
406 3127 430 3166 et
450 3135 522 3179 agrae,
541 3123 653 3182 pendente
672 3126 758 3167 tautum
780 3122 833 3179 uita,
845 3124 903 3169 reti·

24 3188 110 3228 uenter.

56 3259 201 3304 Gmnmniom
218 3257 307 3317 peteret]
339 3257 443 3303 Nondum
461 3255 595 3302 eaiiavalida
611 3257 675 3302 ratio.
707 3257 896 3320 Homineaa'aepe

26 3322 86 3362 tntae
96 3317 244 3377 potiusquam
263 3316 407 3360 iaeraaaedea
424 3314 543 3374 qrraeaiere.
577 3315 664 3362 Eodem
680 3323 834 3373 argumentoa
851 3318 897 3364 ton·

25 3376 78 3420 tiori
95 3375 183 3434 probari
193 3374 271 3435 poaait,
281 3380 390 3418 nontratea
400 3373 458 3419 Nau.
470 3375 567 3430 Aegatae
577 3374 690 3432 indigena·
700 3375 772 3420 suinae.

55 3453 122 3506 Quia
130 3467 203 3500 unum
214 3453 275 3508 opud
291 3451 350 3520 illua]
378 3451 423 3520 'vri
439 3451 499 3511 apud
509 3451 615 3498 barbarae
631 3453 678 3497 tere
694 3465 770 3498 amaea
788 3457 812 3499 et
827 3453 898 3503 rudae

24 3511 158 3560 litterarum.
188 3511 239 3558 Nec
249 3510 343 3571 Hiupam
353 3510 420 3556 ahter
430 3524 558 3572 competere
569 3511 627 3572 apud
637 3525 707 3557 novor
719 3511 790 3558 iudea.
824 3511 895 3570 aaa·
