2096 3840
79 259 128 328 78
333 277 421 326 nnn
448 275 569 326 roam.
595 277 683 327 vina

80 432 175 492 omnia
198 431 313 508 propior
335 431 417 490 rinna
440 433 603 502 tenebatur,
631 429 782 490 summotis
818 433 961 492 velutin

81 533 168 591 atiani
183 532 306 590 inanium
320 531 459 588 hostibus.

10 619 71 686 ³24
124 630 233 703 Quinto
263 630 483 704 expeditionum
514 647 603 696 anno,
632 646 711 688 nave
740 629 835 705 prima
864 635 960 690 trana-

83 747 205 805 gressm,
225 733 339 804 ignotas
359 731 395 788 ad
415 730 445 786 id
466 736 578 802 ternpus
605 735 709 809 gentes
735 731 845 788 erenris
866 731 958 790 simoi

83 847 119 887 an
140 829 281 903 prosperis
295 828 411 901 prestita
424 828 554 886 domuit:
574 845 698 902 eamque
713 833 824 902 partem
839 830 959 888 Britan·
1013 875 1018 880 .

84 928 161 994 niae,
182 945 254 1002 qnae
276 927 448 985 Hiberniam
478 927 614 1000 adspicit,
642 927 738 1000 copiis
758 927 905 996 instruxit,
924 929 959 988 ira

85 1045 165 1101 spem
193 1027 293 1100 nangis,
314 1043 401 1100 qoam
421 1027 458 1084 ob
479 1025 680 1084 formidinem:
710 1026 875 1101 siqnidem
904 1028 959 1086 Hi·

84 1126 196 1194 hernia,
224 1127 321 1182 medio
352 1125 429 1182 inter
459 1124 644 1182 Britanniam
664 1131 751 1199 atque
780 1126 960 1199 Hispaniam

86 1225 151 1291 tite,
166 1230 196 1280 et
224 1224 342 1282 Gattioo
369 1241 481 1298 quoque
503 1223 576 1280 mari
596 1229 770 1296 opportuna,
791 1225 960 1284 valentissi-

86 1341 163 1380 mam
179 1323 297 1395 Imperii
318 1329 428 1395 partem
448 1324 561 1396 magnis
575 1321 707 1380 invinent
719 1323 819 1380 usitrus
833 1324 960 1382 miserae-

87 1423 133 1484 rit.
176 1421 309 1494 Spatium
329 1421 398 1490 eins,
418 1422 444 1477 si
458 1419 630 1478 Britanniae
646 1428 960 1497 comparetur,.angna·

87 1522 154 1588 tius,
170 1521 258 1578 nostri
275 1520 359 1576 marie
373 1519 481 1578 insutas
495 1525 620 1592 superat.
663 1521 764 1578 Solum
782 1523 959 1596 oneinmqne

88 1627 117 1678 et
152 1620 270 1692 ingenia
306 1621 456 1694 coitusque
489 1617 639 1676 hominnm
671 1618 748 1676 hand
782 1621 905 1678 maltum
937 1637 959 1680 a

89 1719 241 1777 Britannia
256 1719 400 1786 differunt,
411 1733 467 1776 nen
481 1716 511 1774 in
527 1716 639 1778 motus.
681 1717 789 1776 Aditus
800 1725 960 1793 portasque

89 1838 141 1895 per
159 1818 335 1876 eornmeroia
367 1822 398 1874 et
427 1817 623 1891 negotiatores
650 1815 771 1889 cogniti.
814 1817 960 1890 Agricola

89 1923 241 1994 expulsum
273 1918 417 1976 seditione
443 1914 605 1974 domentiae
639 1933 728 1974 unum
760 1933 799 1974 ex
833 1916 961 1991 Regniia

118 2073 149 2120 m
158 2074 227 2119 oliam
236 2071 344 2132 innatam]
376 2070 444 2116 Ultra
453 2069 543 2116 Clotam
558 2073 582 2116 et
601 2067 732 2116 Bodotriam
747 2083 868 2130 eommqne
883 2073 961 2118 aesin-

89 2131 280 2238 ἓξὲἳιὲῗκάοηὶι
289 2137 338 2177 erat
347 2129 394 2176 alia
402 2131 471 2175 terme
485 2129 565 2187 insuia,
583 2129 606 2176 in
622 2143 688 2190 qnam
698 2129 804 2188 Agricola
814 2129 891 2177 boner
899 2145 961 2178 nrm·

90 2267 451 2376 Cthiilpiogmdimummm]
483 2265 626 2314 Annoiirbis
636 2267 741 2314 munitae
754 2277 884 2314 neocxxxv.
903 2269 960 2316 Jesn

126 2345 174 2375 rrsr
197 2335 217 2374 ¹.

119 2407 284 2468 Nnoaprimo]
331 2405 404 2461 Nare,
420 2403 517 2452 omnium
535 2404 614 2465 prima,
640 2418 698 2466 quae
716 2419 767 2450 oras
785 2403 838 2452 illas
862 2407 960 2454 serutari
1037 2433 1038 2440 κ

56 2489 57 2492 “
90 2482 158 2514 ansae
175 2472 234 2520 sunt,
251 2471 404 2523 transgressus.
436 2463 496 2510 Vide
513 2463 584 2510 Notas
593 2469 616 2509 et
627 2463 800 2510 Emendationes
810 2463 839 2508 ad
858 2479 909 2524 eap.
921 2469 959 2512 24.
1037 2495 1038 2520 3

89 2529 111 2574 A
129 2534 178 2572 rrta
194 2527 247 2572 mihi
270 2525 360 2571 videtur
373 2522 452 2570 Taciti
471 2523 577 2568 narratio.
625 2523 738 2580 Agricola.
763 2522 878 2570 summotis
898 2525 960 2570 ultre

90 2542 179 2631 Cirtam
190 2591 213 2630 nt
230 2583 365 2636 Bodotriam,
377 2582 470 2628 velutin
481 2581 661 2635 atiaminrnlam,
681 2580 787 2636 hortibus,
807 2585 960 2637 transgressus

88 2649 123 2690 est
133 2645 222 2690 Clotam
237 2643 377 2692 aestuarium,
389 2641 437 2687 'Pte
446 2639 509 2698 Garis
520 2641 547 2698 ο]
558 2640 703 2697 memoror,
718 2654 784 2694 nave,
805 2639 961 2690 Rornanorum

89 2703 187 2749 omnifrm
211 2705 290 2764 prirna,
313 2715 370 2762 quae
391 2715 441 2746 oras
460 2700 511 2746 ilina
530 2705 627 2745 scrutata
642 2707 691 2768 ⁰⁸²i
716 2713 810 2758 eamque
827 2698 960 2748 Britanniae

89 2769 184 2822 partem,
195 2777 252 2822 qnae
262 2760 393 2808 Hiberniam
403 2758 489 2818 aspicit,
500 2772 579 2818 nempe
608 2758 717 2804 rovinoras
733 2757 834 2814 Contine,
853 2757 959 2818 eumer,
1037 2759 1038 2766 ’

91 2820 210 2878 Gallornoy,
227 2821 306 2878 Wigtn
317 2825 359 2864 etr.
371 2818 441 2878 copiis
453 2817 562 2863 instruxit.
617 2816 689 2862 attan

124 2899 301 2946 Vntrrrtinimnm
310 2897 399 2956 imperii
413 2897 505 2958 portam]
537 2894 652 2950 Hibernia,
668 2893 742 2940 medio
751 2893 810 2940 inter
819 2893 960 2942 Britanniam

92 2963 159 3020 atque
169 2958 300 3018 Hispaniam
310 2957 362 3012 sita,
372 2963 395 3001 et
408 2955 497 3001 Gallico
506 2968 594 3014 quoque
611 2954 667 3000 mari
684 2959 816 3014 opportuna,
835 2953 960 3001 valentiani·

91 3033 150 3065 marn
170 3016 257 3077 imperii
275 3020 370 3076 partem,
392 3013 522 3074 Hispaniam
541 3012 626 3058 sriiiret
649 3013 749 3060 Galliam
768 3020 793 3058 et
811 3009 959 3070 Britanniam,

92 3077 177 3136 magnis
194 3075 287 3122 invicem
298 3074 373 3120 nsiboa
389 3088 429 3132 per
446 3072 577 3118 commercia
592 3071 712 3128 conjunxit.
744 3071 793 3116 Hae
812 3077 897 3124 aetate,
945 3087 960 3118 a

93 3138 153 3183 rudis
164 3135 236 3180 adimo
245 3139 295 3178 erat
304 3148 339 3180 ara
350 3132 444 3183 nautica,
463 3131 490 3176 iis
500 3129 638 3176 commerciis
653 3129 838 3190 opportunissima
857 3140 907 3174 erat
915 3087 960 3178 Hi·

93 3196 178 3242 bernis.
218 3192 335 3251 Hodieque
352 3189 446 3236 Hiberni
465 3189 554 3249 plurimi
573 3189 596 3236 in
606 3189 716 3249 Hispania
726 3203 752 3234 ao
761 3189 882 3250 praecipue
891 3189 960 3238 Gadi·
1037 3199 1038 3224 a

94 3254 140 3306 bns,
153 3253 229 3302 Caris,
242 3270 246 3290 ι
257 3249 390 3307 epotiantur.

123 3332 203 3379 Nostri
214 3330 295 3388 Moris]
328 3325 491 3376 Mediterranei
502 3325 567 3372 maris
575 3325 664 3372 inantea.

123 3415 207 3461 Aditur
224 3391 359 3512 participat}
394 3404 476 3452 Aditur
496 3411 616 3474 portasque
632 3402 756 3473 Hinemine
772 3417 814 3476 per
827 3404 963 3450 commercia

95 3479 119 3520 et
138 3471 287 3531 negotiatores
307 3481 329 3513 m
353 3479 386 3513 rus
405 3467 457 3512 sunt
474 3469 563 3524 onpntr.
605 3464 714 3510 interiora
736 3475 790 3510 nero
807 3463 896 3511 mulas
913 3463 965 3511 tere
1037 3487 1038 3528 j

95 3533 179 3593 ignota.
