2096 3840
92 233 144 304 76
344 254 432 306 rran
458 251 580 304 sanic.
605 253 694 306 rma
760 267 762 271 ·

15 341 17 368 l

15 393 16 400 ‘
94 409 132 470 o·
144 408 303 480 aaaron
323 409 396 470 rm
410 427 538 483 ponae.
559 414 590 468 et
604 409 757 484 praestans
771 409 967 486 amaraque

93 509 300 574 circumdatae,
328 516 409 570 teuta
437 509 550 568 ratione
572 527 708 584 curaque,
731 513 869 568 utnulla
893 516 967 570 ante

94 611 266 668 Britanniae
281 627 359 668 nova
370 627 437 682 pars
450 609 620 668 inlacessita
634 608 790 667 transierit·

40 713 79 772 21
127 711 357 784 Sequensbierns
364 709 560 768 saluberrimis
567 709 701 768 conabiis
713 711 873 782 absmnola.
884 726 967 768 nam·

93 829 158 884 que,
173 819 203 868 ut
215 811 346 868 homines
360 810 482 882 dispersi
495 827 532 866 ac
543 811 637 874 rudes,
649 827 742 882 eoque
757 809 786 866 in
803 811 881 866 bello
896 811 969 870 laci·

93 911 146 976 les.
160 911 251 984 quieti
265 917 293 966 et
306 910 367 966 otio
381 927 432 981 per
447 912 610 982 voluptates
620 911 839 975 adsuescerent,
851 909 966 966 bertari

94 1009 240 1082 privatim,
268 1010 408 1066 adiuvare
432 1009 557 1082 publice,
583 1013 614 1066 ut
631 1011 748 1081 templa,
763 1009 832 1075 lora,
858 1010 965 1068 domm

93 1115 284 1174 exstruerent,
298 1108 444 1166 laudando
459 1111 613 1180 promptos,
622 1113 652 1164 et
663 1109 835 1182 castigando
846 1125 965 1182 segnes,

49 1203 51 1206 ’
93 1208 135 1266 ita
149 1207 266 1264 bonoria
280 1207 437 1264 aemulatio
457 1225 508 1280 pro
522 1207 697 1264 necessitate
718 1213 789 1264 erat.
813 1208 875 1264 lam
891 1226 966 1266 vero

94 1306 263 1378 Principum
277 1307 351 1362 lilius
363 1306 528 1364 liberalibus
540 1307 648 1364 artinas
662 1307 784 1372 erudire,
797 1313 828 1363 et
842 1307 966 1381 ingenia

95 1405 299 1464 Britannorum
308 1407 411 1462 stodiis
428 1406 580 1464 Gallorum
594 1405 747 1474 anteferre,
761 1412 802 1472 ut,
813 1406 863 1480 qui
876 1409 968 1468 modo

94 1506 222 1579 linguam
248 1507 410 1562 Romanam
433 1507 610 1574 abnuebant,
634 1505 832 1580 eloquentiam
855 1523 966 1568 coaeu-
1032 1501 1033 1506 ’

94 1604 250 1679 piscerent.
265 1603 333 1662 inde
347 1605 435 1662 etiam
446 1606 560 1662 babitus
575 1605 665 1664 austri
678 1606 769 1662 hcnar
783 1613 812 1662 et
826 1604 965 1679 frequens

94 1708 169 1778 toga.
181 1704 386 1778 paullatimque
408 1704 568 1767 discessum
579 1707 615 1762 ad
624 1705 815 1762 delinimenta
826 1704 968 1764 vitiorum

93 1805 222 1879 porticus
236 1811 265 1861 et
281 1805 384 1864 balnea
404 1810 434 1861 et
448 1803 654 1862 conviviorum
669 1804 855 1878 elegantiam.
877 1805 966 1878 idque
1032 1863 1033 1866 ,

94 1905 170 1976 apud
185 1905 324 1976 inperitos
345 1901 508 1965 summus
529 1905 700 1970 vocabatur,
711 1921 780 1962 cum
795 1921 861 1977 pass
873 1902 968 1964 servi·

95 2003 165 2062 lutis
181 2009 267 2060 esset.
708 2003 710 2010 ’

42 2113 84 2172 22
137 2103 257 2160 'l'erlius
279 2101 499 2182 esqeditionuaa
513 2120 606 2162 annus
621 2121 713 2160 novas
727 2107 830 2177 gentes
842 2102 967 2175 aperuit,

97 2203 217 2258 vastatis
226 2219 315 2274 usque
326 2202 362 2258 ad
375 2200 472 2258 'l’aum
481 2199 639 2277 (aestuario
652 2220 757 2258 nomen
770 2199 828 2277 est)
841 2202 968 2260 nationi·

95 2303 156 2362 bus.
177 2320 232 2376 qua
253 2301 405 2358 tormidine
420 2274 512 2358 teiriti
537 2301 644 2367 hostes,
658 2317 831 2375 quamquam
845 2301 966 2366 conflic-

94 2406 185 2460 tatum
199 2399 296 2458 saevis
324 2399 543 2472 tempestatibus
558 2400 730 2468 exercitum,
744 2401 966 2460 lacessere-uon

123 2574 187 2622 Nm
201 2575 261 2635 pars]
293 2573 364 2620 Nulla
383 2572 513 2621 Britanniae
528 2589 587 2636 pars,
606 2573 662 2620 Julii
679 2573 814 2635 Glandiique
832 2573 965 2634 Caesamm,

94 2638 117 2681 et
127 2633 368 2681 Romanorumducum
378 2633 446 2680 armis
456 2635 552 2680 nondum
569 2634 649 2694 petite,
659 2635 747 2681 transiit
755 2633 884 2692 illacenirs,
900 2649 967 2696 prse-
1032 2671 1033 2676 ,

94 2694 141 2741 side
152 2694 263 2752 Agricola.
295 2695 351 2740 Sunt
360 2699 435 2739 lamen
445 2693 481 2754 qui
492 2693 619 2748 emendent,
628 2697 679 2738 nula
686 2707 746 2750 pars.

122 2772 209 2818 Studiis
229 2771 356 2834 Gallorum]
403 2772 483 2827 Daret.
504 2771 585 2830 vigeat,
610 2777 739 2833 crescatque
759 2772 822 2834 apud
847 2777 965 2834 utramque

107 2836 181 2878 entem
192 2832 246 2878 baec
255 2831 385 2888 aemulatio,
400 2831 535 2890 ingeniorum
547 2837 615 2892 atque
624 2832 747 2880 studiorum
764 2847 842 2893 parma
852 2833 965 2894 altrixque

92 2845 259 2938 brundisina:
276 2889 363 2938 Mirum
375 2897 448 2937 antem
460 2897 494 2936 est
505 2890 631 2948 Agricolam
641 2890 714 2938 iubae
724 2896 848 2952 temporum
859 2891 965 2938 barbarie

93 2949 180 3008 ingenia
190 2949 347 2996 Britannorum
366 2950 520 3009 praesensisse.
547 2964 596 3004 nae,
607 2953 641 2995 tot
667 2956 703 2996 ost
718 2951 820 3006 saeculis,
831 2950 964 2997 immortali·

94 3009 133 3055 bus
143 3007 313 3055 clarissimorum
325 3008 422 3054 virorum
434 3008 517 3062 Bucen,
554 3010 617 3066 illus,
655 3009 878 3071 eubn,alicrumque
894 3009 963 3072 pluri·

93 3082 178 3114 murum
188 3068 291 3128 operibus
300 3067 431 3114 inclaruere.
464 3067 527 3114 Bral.

124 3147 219 3194 Tutius
234 3146 397 3204 mutationum
410 3146 493 3208 mnus]
525 3145 595 3194 Urbis
610 3147 714 3194 conditae
722 3161 792 3194 anam
812 3129 962 3194 accerrimus.

92 3207 146 3255 lesu
153 3206 238 3254 Christi
248 3209 283 3255 so.

123 3287 198 3334 Nasus
215 3288 298 3348 genter]
330 3286 415 3334 Gentes
424 3299 481 3346 quae
490 3289 555 3331 erant
564 3285 623 3331 inter
640 3283 725 3344 Soleae
734 3283 832 3332 Firtlret
853 3285 922 3334 urus
941 3289 968 3345 qs
1032 3323 1033 3328 ,

95 3347 151 3404 Tay.
179 3345 211 3392 lbi
221 3361 278 3392 nrrnc
288 3346 414 3406 provinciae
425 3345 567 3400 Annusrlule,
577 3344 684 3400 sumre,
701 3345 829 3405 Clytlsulcle,
841 3345 962 3405 Tmeduls,

94 3406 201 3460 nemin,
211 3404 315 3460 lanne
323 3404 431 3463 Stultus,
441 3403 548 3459 nemen
557 3403 636 3459 Perlls,
646 3401 706 3462 We.

126 3484 164 3530 Arl
174 3483 257 3546 Tmen]
288 3483 432 3533 Aestuarium
439 3483 495 3532 iilud
503 3497 559 3530 nune
568 3481 636 3530 stro
643 3484 670 3541 v*
677 3481 734 3542 luy.
