2062 3824
74 143 145 210 rto
305 163 394 212 rrcrr
419 165 540 216 auaro.
566 165 654 216 uren

70 315 186 374 facilius
200 315 394 376 dissimolaret
417 320 563 394 gaudium,
589 337 675 396 quam
697 326 816 382 metum.
862 325 951 386 Satis
1007 313 1008 390 ζ

71 419 233 484 constabat,
254 419 333 476 lecto
360 424 537 480 testamento
562 421 802 496 Agricolae„quo
824 425 953 482 cohere-
1007 417 1008 470 ἶ

71 518 138 574 dem
153 518 280 590 optimae
302 517 384 574 uxori
407 523 436 573 et
461 519 608 591 piissimae
633 519 710 578 tiliae
737 521 951 582 Domitianum
1007 587 1008 590 ,

71 615 197 688 scripsit,
212 619 350 674 laetatum
365 634 440 682 eum,
456 620 536 674 velut
555 621 663 677 bonore
683 619 859 694 iunieioque.
882 629 949 680 tam

23 721 24 726 ’
71 731 162 774 coeca
176 722 205 772 et
220 721 360 788 conrupta
375 733 456 772 mens
480 717 608 776 adsiduis
633 717 847 776 ariolationibns
869 725 948 784 erat,

23 815 45 855 '⁴³
72 815 285 880 sinceritate
313 817 390 872 bono
414 819 494 888 patre
520 834 578 874 nou
603 816 691 874 scribi
714 819 862 886 heredem,
886 818 950 876 nisi

43 983 47 995 ,
73 916 181 970 malum
197 913 370 986 Principem.

23 1013 40 1070 4
114 1014 208 1070 Natus
230 1018 291 1070 erat
318 1013 466 1085 Agricola,
492 1013 567 1070 Caio
592 1013 718 1072 Caesare
733 1014 850 1072 tertium
866 1015 948 1074 Con·

72 1115 144 1178 sule,
167 1113 240 1168 lrlib.
264 1113 373 1170 Iuniis:
395 1113 522 1170 excessit
547 1119 632 1170 sesto
654 1122 683 1170 et
698 1113 944 1187 quiuquagesimo

72 1228 159 1277 auno,
185 1212 301 1268 decimo
329 1212 392 1268 Kal.
417 1213 612 1283 Septembres,
627 1213 751 1286 Collega
782 1213 946 1288 Priscoque

74 1329 153 1368 coss.
196 1311 280 1382 Quod
308 1311 333 1368 si
359 1311 488 1368 habitum
516 1326 628 1384 quoque
652 1311 714 1370 eius
739 1313 848 1384 posteri
879 1329 948 1372 uos·

73 1427 141 1468 cere
170 1410 273 1474 velint,
303 1411 454 1474 decentior
484 1427 569 1486 quum
600 1410 750 1468 sublimior
779 1397 842 1468 luit.
873 1411 951 1468 nibil

74 1513 167 1568 metus
182 1509 212 1566 in
229 1510 326 1566 vultu:
347 1511 438 1582 gratia
453 1509 511 1566 oris
534 1517 692 1581 supererat.
716 1511 823 1568 bouum
848 1511 946 1568 virum
1007 1549 1008 1554 κ

74 1607 160 1664 lacile
181 1610 323 1674 sterteres,
345 1625 480 1678 maguum
509 1607 641 1664 libenter.
681 1591 797 1682 Et'ipue
816 1609 949 1683 quidem,

74 1725 245 1782 quamquam
273 1696 369 1766 merlin
396 1707 426 1764 in
450 1708 545 1778 spatio
572 1707 703 1780 integrae
731 1708 837 1765 aetatis
864 1725 950 1780 erep-

76 1813 130 1871 tus,
144 1821 281 1882 qnantum
296 1809 331 1864 ad
347 1807 477 1880 gloriam.
488 1806 687 1880 longissimum
701 1806 947 1880 aevumpcregit.

78 1907 192 1980 Quippe
207 1915 236 1964 et
252 1925 322 1964 vera
346 1909 431 1972 bona,
458 1924 531 1981 quae
556 1905 587 1962 in
613 1906 768 1964 virtutibus
790 1907 847 1964 sita
870 1910 950 1976 suut,

76 2007 250 2079 inpleverat,
275 2011 305 2062 et
327 2005 534 2064 consularibus
559 2023 598 2080 ao,
617 2005 838 2078 triumphalibus
863 2021 951 2064 orus·

78 2104 183 2162 mentis
199 2106 338 2176 praedito,
354 2104 420 2176 quill
435 2104 513 2161 aliud
529 2106 676 2162 adstruere
688 2104 800 2161 lortuua
813 2100 953 2175 poterat?

79 2204 189 2275 Opibus
205 2203 301 2260 nimiis
317 2221 374 2258 nou
398 2205 560 2278 gaudebam
581 2205 731 2278 speciosae
751 2203 951 2276 contigerant.

77 2303 138 2362 filia
160 2307 246 2376 atque
271 2320 359 2358 uxore
384 2302 592 2374 superstitibus,
613 2308 708 2376 polest
728 2303 823 2362 videri
858 2303 953 2360 etiam
1007 2297 1008 2306 ’

79 2405 201 2471 beatus3
235 2402 375 2460 incolumi
408 2401 561 2474 (lignitate,
589 2403 710 2460 tiorente
745 2403 830 2468 lama,
857 2402 953 2460 salvis
1007 2415 1008 2420 ’

80 2502 276 2560 adfinitatibus
309 2506 340 2558 et
370 2500 518 2567 amicitiis,
547 2501 640 2558 lutura
673 2500 816 2578 effugisse.
859 2501 954 2569 Nam,
1007 2527 1008 2532 ¹

80 2601 167 2658 sicuti
207 2601 309 2658 rlurarc
336 2599 367 2658 in
400 2600 456 2656 bac
480 2599 640 2656 beatissimi
664 2601 775 2656 saeculi
805 2601 882 2664 luce,
915 2615 953 2656 ac
1007 2589 1008 2626 f

81 2700 249 2774 Principem
273 2700 434 2757 Traianum
448 2697 559 2766 ridere,
581 2699 704 2774 quodam
726 2697 846 2774 augurio
862 2698 953 2755 votis·
1007 2705 1008 2780 j

111 2873 205 2921 Durcrn
214 2874 240 2920 in
255 2873 382 2934 bur-lucc]
415 2871 537 2920 Meliusin
545 2872 696 2920 ionrlucem.
729 2872 894 2918 Seusnsautem
904 2876 950 2920 este
1007 2887 1008 2894 ¹

81 2947 133 2980 uam
151 2933 238 2980 alentio
255 2933 283 2979 iis
293 2932 434 2992 iniquissimis
451 2931 574 2978 Domitia·
590 2931 726 2992 temporibus
745 2931 830 2989 grande
846 2931 953 2978 solatium
1007 2939 1008 2948 ¹

81 2993 167 3038 terebat
177 2993 258 3038 durans
268 2993 289 3038 iu
301 2993 358 3038 bano
369 2989 489 3038 beatissimi
500 2989 582 3036 saeculi
598 2991 678 3043 iucem,
688 3005 714 3036 ue
730 2989 854 3051 Principem
872 2991 955 3048 'ijo
1007 3001 1008 3008 ¹

82 3067 134 3098 unm
145 3052 230 3102 videre,
245 3049 304 3110 quod
320 3049 413 3107 ansgario
431 3050 533 3108 votisque
552 3050 611 3109 apud
623 3055 710 3095 nostras
720 3062 785 3096 aures
794 3047 955 3108 omiuelratur3

83 3111 115 3156 ita
140 3123 212 3168 [loque
222 3109 341 3154 festinatae
350 3107 427 3153 mortis
441 3108 526 3163 grande
536 3108 639 3154 solatium
648 3107 701 3154 tulit
710 3105 807 3154 evasisse
815 3116 954 3168 postremum
1007 3155 1008 3158 ,

82 3125 138 3214 illua
163 3173 257 3226 tempus,
276 3181 321 3226 quo
340 3165 487 3234 Domitiamrs,
507 3181 550 3211 uon
564 3167 612 3223 jam
630 3181 671 3226 per
685 3165 806 3212 intervalla
831 3181 858 3212 ac
883 3167 956 3236 spira-

83 3233 159 3330 mima
178 3233 311 3286 temporum,
330 3225 369 3272 red
381 3229 504 3278 ,conanum
524 3229 548 3272 et
567 3226 629 3272 velut
647 3239 691 3272 uno
709 3225 763 3282 icto,
789 3225 955 3286 rempublicam
1007 3249 1008 3254 =

81 3283 189 3331 esrausit.
751 3283 761 3300 '

112 3361 218 3420 Auguria
227 3361 329 3420 mtirqae'
363 3358 463 3418 Arrgurio
472 3359 574 3420 votisque
584 3359 674 3418 dignum
693 3376 717 3408 se
732 3361 865 3422 praestabat
876 3363 951 3422 Traja
1007 3403 1008 3414 ,

82 3435 130 3480 sos,
140 3421 177 3482 qui
192 3424 278 3480 patrem
289 3419 319 3468 ba
347 3417 387 3466 bat
403 3417 529 3480 patricium,
549 3419 695 3478 consularem,
706 3435 733 3468 se
751 3419 953 3482 triumphalem,e
1007 3449 1008 3512 p

1007 3541 1008 3622 l

1007 3649 1008 3690 l

520 3798 945 3806 ..ψήφῳ-.-η
994 3717 1008 3806 i
