2062 3824
75 178 122 248 94
323 197 410 246 rrrm
437 197 556 252 auare.
583 197 670 248 rma

74 350 205 411 saevisse
225 353 363 426 quosdam
395 352 424 409 in
447 355 586 426 coniuges
607 370 642 411 ac
664 353 949 430 tonantemque-

75 451 286 510 misererentur.
329 451 482 508 Proximus
496 452 558 508 riies
580 452 684 510 taciem
701 451 842 530 victoriae
858 454 949 510 iatius

75 551 196 622 aperuit.
230 555 342 606 vastum
375 550 479 624 ubique
510 551 668 616 silentium,
700 553 807 610 secreti
842 555 948 620 calles,

3 667 4 720 j
75 647 215 706 fumantia
237 651 334 718 procul
357 654 444 714 tecta,
471 667 556 706 nemo
577 651 807 723 exploratoribus
829 653 947 710 obvius.

75 748 177 824 quibus
198 746 227 804 ia
249 764 365 804 omnem
386 753 495 819 partem
516 749 652 810 dimissis.
667 749 718 804 ubi
731 748 844 806 incerta
860 750 962 843 fugae*

75 847 211 920 vestigia,
239 865 331 920 neque
352 863 469 920 osquam
490 848 658 920 conglobari
691 849 787 904 hostes
815 866 948 924 comper·

77 948 148 1009 ium,
168 951 196 1001 et
212 951 317 1002 exacta
339 945 396 1001 iam
411 951 522 1002 aestate
550 947 645 1019 spargi
667 948 774 1006 betium
790 948 948 1021 nequibat3

76 1042 107 1100 in
130 1043 201 1100 fines
224 1045 410 1100 Borestorum
431 1045 593 1100 exercitum
614 1046 742 1102 deducit.
784 1046 829 1102 lbi
844 1064 950 1120 accep·

77 1141 115 1200 ta
135 1143 292 1207 obsidibus,
304 1143 451 1214 praesecto
465 1143 568 1200 classis
582 1141 749 1200 circumuehi
761 1141 948 1203 Britanniam

77 1241 234 1317 praecepit.
255 1243 340 1298 datae
361 1243 397 1298 ad
419 1243 448 1298 id
471 1243 556 1308 vires,
578 1248 607 1298 et
631 1250 829 1316 praecesserat
844 1248 947 1303 terror.

76 1339 140 1414 ipse
181 1341 308 1412 peditem
341 1347 427 1414 atque
467 1342 579 1415 equites
620 1344 700 1398 lento
740 1342 856 1410 itinere,
891 1360 949 1417 quo

77 1456 217 1497 novarum
238 1439 367 1512 gentium
399 1439 488 1495 animi
521 1441 584 1512 ipsa
615 1440 751 1497 transitus
783 1457 863 1498 mora
894 1447 950 1498 ter-

77 1543 216 1610 rerentur.
244 1537 275 1594 in
304 1536 432 1594 hibernis
455 1537 574 1594 locavit.
616 1539 654 1596 Et
675 1540 759 1596 simui
781 1540 884 1598 classis
905 1559 950 1598 se·

77 1639 174 1696 cunda
185 1642 357 1710 tempestate
368 1654 403 1692 ac
413 1636 489 1692 ianm
502 1637 709 1694 Trutulensem
722 1645 832 1709 portum
845 1639 950 1707 tenuit,

77 1737 164 1802 unde,
184 1735 316 1810 proximo
337 1735 620 1794 iatere'Britaooiae
648 1737 736 1805 lecto,
757 1739 853 1796 omnis
875 1739 949 1796 retli-

78 1842 149 1892 erat.

22 1939 67 2000 39
120 1935 207 1992 Hunc
234 1950 464 2000 rerumcorsum‚
489 1949 661 2008 quamquam
686 1936 766 1992 nulia
791 1935 948 1994 verborum

77 2032 219 2092 iactantia
233 2032 363 2106 epistolia
380 2032 537 2104 Agricotae
561 2039 688 2099 auctum,
703 2039 733 2089 ut
759 2034 948 2094 Domitianus
1014 2089 1017 2094 .

46 2181 47 2186 ,
78 2137 149 2200 erat,
173 2129 265 2188 iront'e
289 2133 392 2196 iaetus,
417 2135 534 2202 pectore
549 2130 663 2196 anxius,
678 2131 805 2205 excepit.
848 2133 950 2190 lnerat

77 2307 174 2410 manao
190 2303 337 2360 despectione
352 2303 382 2350 cd
398 2303 458 2348 iram
475 2304 568 2360 saepias,
584 2317 650 2362 pram
665 2303 691 2350 in
701 2290 855 2361 formidinem
871 2305 950 2354 stimu-

127 2377 160 2409 ur.

106 2439 202 2488 &muas
215 2437 328 2500 meadum]
359 2439 440 2486 tatem
454 2439 559 2486 ferociam
575 2440 702 2488 notavimus
717 2441 783 2502 sopra
798 2441 827 2488 de
842 2442 950 2492 Moribus

78 2499 248 2552 Germanomm.
259 2513 309 2558 cap.
320 2501 356 2545 ³7.

107 2577 263 2638 flamarum]
295 2575 560 2634 floreatimunemgm,
576 2575 666 2624 Scotiae
681 2575 807 2638 provincia,
823 2579 883 2626 inter
896 2595 950 2642 pro·

78 2635 162 2694 tiocia·
171 2635 287 2684 summm
297 2640 320 2681 et
335 2633 433 2692 Marna,
443 2635 558 2682 Orientem
568 2651 649 2682 versus.

109 2714 254 2762 circumacta·
264 2713 417 2774 Britanniam]
451 2713 486 2760 De
502 2715 543 2758 hac
557 2715 628 2760 classe
643 2713 783 2761 Britanniam
798 2715 950 2766 circumvecta

78 2775 162 2822 tiictum
171 2780 206 2820 eat
216 2773 272 2819 ratis
282 2772 303 2819 in
316 2773 381 2819 aaa·
390 2781 415 2818 et
426 2773 624 2819 Eruendationibus
633 2775 663 2819 ati
673 2788 721 2890 caps.
732 2776 768 2820 28.
800 2774 903 2822 Profecto
914 2783 950 2824 eat

79 2839 153 2881 autem
171 2832 248 2878 classis
265 2832 294 2878 ab
313 2832 427 2878 aestuario
443 2833 501 2879 Tac.
522 2847 580 2878 arrne
596 2831 665 2878 narra

79 2893 192 2954 superiore
201 2898 273 2951 portu,
285 2890 321 2952 qui
333 2905 389 2936 nunc
398 2890 480 2936 dicitur
490 2889 606 2936 Montrore.

109 2971 269 3018 malamort
276 2969 374 3028 portum]
392 2969 471 3014 Portos
480 2968 520 3013 ilie
529 2969 608 3028 passim
619 2969 748 3030 appellatur
755 2969 899 3028 ammes.
907 2978 949 3020 aut

78 3027 425 3088 Rutupinut,ouncSundruida,·
440 3033 463 3072 et
472 3029 533 3088 apud
544 3029 705 3084 Ptolemaeum,
719 3030 776 3076 ΗΑ.
808 3033 948 3083 ememtes.

108 3119 188 3165 Omnis
197 3117 303 3177 cadumi]
333 3115 415 3162 Classis
426 3131 439 3160 a
449 3116 499 3162 Tao
507 3115 626 3170 aestuario,
644 3115 712 3162 Birta
720 3117 748 3174 cf
759 3114 817 3174 Tay,
828 3116 949 3164 maximam

78 3175 208 3224 Britanniae
227 3180 314 3237 partem
339 3175 495 3228 circumvecta,
518 3175 674 3221 Trutuleusena
700 3179 798 3235 portum,
821 3174 947 3233 sandwici,

78 3236 165 3292 tannim
181 3233 241 3292 inde,
261 3233 362 3295 proximo
381 3233 422 3280 hoc
443 3233 572 3280 Britanniae
591 3233 663 3278 latere
682 3234 749 3290 lecto,
767 3233 846 3288 omnis.
860 3249 888 3280 ne
903 3248 948 3282 uua

95 3293 169 3340 uidem
189 3293 268 3340 amissa
289 3296 350 3350 navi,
370 3293 443 3339 Taum
463 3291 604 3346 aestuarium,
624 3297 664 3338 aut
681 3291 819 3346 Bodotriam.
839 3289 908 3339 meu
927 3292 954 3352 pr

100 3351 156 3407 orta,
172 3351 249 3410 rediit,
264 3357 290 3399 ut
304 3359 350 3401 tum
369 3351 476 3410 exercitu,
495 3357 543 3398 tum
558 3349 628 3399 darre
645 3363 752 3401 novarum
766 3351 865 3412 gentium
880 3351 949 3400 animi

79 3414 224 3458 terrerentur.

722 2832 780 2891 Tay.
795 2837 836 2880 eut
849 2849 864 2879 e
878 2836 949 2895 paula
