2062 3824
419 175 497 222 cae.
526 153 583 222 ³7.
604 151 661 222 38.
901 155 949 228 93

82 344 212 392 aversam
226 324 356 388 bostium
369 325 466 386 aciem
480 329 622 388 invasere.
665 325 745 388 'Purra
760 344 831 389 varo
849 335 950 405 pateu-

84 433 159 491 tibus
187 432 260 488 locis
295 430 404 504 grande
433 435 462 485 et
491 437 573 486 atrox
607 433 824 502 spectaculum:
859 427 950 505 sequi,

83 535 246 596 vulnerare,
268 544 385 601 capere,
406 533 491 602 atque
513 527 639 594 eosdem,
667 531 771 586 oblatis
794 531 872 597 aliis,
895 535 950 588 lm·
1012 565 1013 572 κ

83 631 187 689 cidare.
231 631 295 686 lam
315 629 450 690 hostiurn,
473 633 554 698 prout
582 627 685 701 cuique
708 629 858 701 ingenium
879 633 950 698 erat,

82 738 216 788 catervae
250 733 424 784 armatorum
460 725 641 798 paucioribus
676 733 755 800 terga
796 731 950 799 praestare,

86 829 196 902 quidam
218 827 346 882 inermes·
379 829 453 882 ultro
481 839 571 893 ruere,
602 843 637 882 ac
667 843 698 882 se
729 825 812 881 morti
841 825 948 882 offerre.

83 925 191 984 Passim
213 943 295 982 arma
316 931 344 979 et
366 941 485 996 corpora
506 932 536 981 et
557 923 647 982 laceri
668 929 745 982 artus
773 931 803 982 et
831 929 951 981 cruenta

84 1017 202 1082 hamis:
235 1031 265 1080 et
295 1023 452 1096 aliquando
485 1023 573 1080 etiam
605 1023 690 1081 victis
720 1024 762 1081 ira
793 1025 949 1098 virtusque.

85 1131 232 1198 postquam
264 1121 360 1178 silvis
381 1121 652 1196 adpropinquarunt,
682 1123 819 1189 conlecti,
841 1123 950 1196 primos

85 1221 276 1297 sequentium,
290 1219 422 1276 incautos
443 1227 472 1276 et
488 1221 616 1278 locorum
640 1221 766 1295 ignaros,
790 1221 952 1278 circumve·

84 1320 214 1378 aiebant.
255 1317 342 1390 Quod
358 1317 387 1373 ni
402 1315 533 1392 frequens
556 1319 658 1394 ubique
685 1321 819 1394 Agricola
837 1319 951 1377 validas

83 1423 111 1476 et
137 1417 296 1492 expeditas
325 1417 467 1481 cohortes,
500 1415 645 1488 indaginis
677 1419 770 1486 modo,
799 1421 828 1475 et
857 1415 952 1476 sicubi

56 1509 61 1522 ’
83 1519 205 1575 arctiora
220 1519 315 1579 erant,
329 1521 440 1588 partem
462 1515 601 1589 equitum,
615 1517 741 1574 dimissis
756 1518 845 1591 equis,
866 1515 952 1575 simrd

83 1617 202 1674 rariores
222 1615 316 1672 silvas
331 1613 457 1688 equitem
473 1615 630 1684 persultare
644 1615 784 1682 iussisset,
799 1623 953 1688 acceptum

84 1715 198 1790 aliquod
211 1715 319 1769 vulnus
334 1729 385 1785 per
400 1712 518 1768 nimiam
533 1713 667 1770 fiduciam
682 1715 763 1770 toret.
805 1713 953 1778 (laterum,

83 1811 324 1885 ubicompositos
345 1810 432 1868 firmis
456 1811 604 1868 ordinibus
629 1812 710 1885 sequi
734 1827 828 1868 rursus
844 1811 953 1880 videre,

83 1911 113 1970 iu
127 1911 227 1986 lugam
250 1911 338 1976 versi,
359 1925 417 1966 non
442 1909 614 1983 agminibus,
637 1912 668 1966 ut
694 1907 782 1983 priua,
803 1927 858 1969 neo
880 1909 953 1970 alius

82 2011 171 2069 alium
194 2013 404 2081 respectantes,
427 2009 483 2065 rari
510 2014 539 2065 et
555 2009 707 2066 vitabundi
733 2007 872 2079 invicem,
894 2013 953 2069 loo·

83 2109 193 2184 giuqua
225 2113 312 2181 atque
339 2097 548 2180 avta'pertere.
580 2107 645 2165 tinia
672 2109 813 2183 sequendi
844 2126 902 2170 uox
923 2115 955 2169 et

85 2208 210 2276 satietas
222 2205 286 2271 suit,
306 2223 393 2261 caesa
408 2207 532 2262 boatium
547 2208 581 2262 ad
597 2209 699 2264 decem
715 2207 824 2266 millia:
846 2215 953 2268 nostro·

82 2326 144 2366 rum
159 2305 288 2366 trecenti
302 2305 455 2378 sexaginta
469 2306 623 2362 cecidere:
644 2307 752 2384 inquis
769 2309 861 2366 Aulus
877 2307 954 2366 Atti·

82 2423 143 2477 cus,
166 2407 337 2466 Praefectus
362 2407 500 2476 cohortis,
523 2409 648 2466 iuvenili
671 2412 772 2468 ardore
791 2415 822 2468 et
845 2409 955 2468 ferocia

82 2509 151 2582 equi
166 2507 299 2564 hostibus
313 2505 428 2562 inlatus.

123 2608 164 2666 Et
186 2623 246 2663 nox
259 2605 376 2679 quidem
389 2604 495 2678 gaudio
510 2605 672 2679 praedaque
687 2607 764 2663 laeta
779 2605 938 2665 victoribus
948 2625 954 2664 a
966 2612 1006 2671 38

85 2704 223 2763 Britanni
254 2705 397 2776 palantes,
423 2703 572 2778 mixtoque
595 2703 721 2762 virorum
748 2705 956 2782 mulierumque

84 2805 209 2878 ploratu,
223 2803 337 2860 trabere
353 2805 529 2868 vulneratos,
550 2819 655 2860 vocare
671 2803 807 2878 integros,
822 2805 955 2863 deserere

85 2904 186 2960 domos
207 2919 244 2958 ac
265 2919 315 2973 per
329 2900 401 2958 iram
415 2903 490 2958 ultro
505 2901 662 2960 incendere
677 2922 685 2960 a
706 2901 815 2976 eligere
830 2905 955 2962 latebras

87 3006 117 3058 et
136 3000 237 3057 statim
259 2998 437 3074 relinquere:
460 2999 581 3057 miscere
603 3000 734 3057 invicem
761 3001 885 3058 consilia
905 3001 956 3060 ali·

88 3116 155 3174 qua,
168 3099 238 3154 dein
254 3113 406 3172 separare:
428 3097 584 3170 aliquando
598 3099 690 3172 frangi
704 3099 842 3172 adspectu
858 3099 956 3174 pigno·
1012 3081 1013 3088 ἵ

87 3213 149 3255 rum
173 3212 299 3262 suorum,
318 3196 434 3270 saepius
465 3197 616 3253 concitari.
644 3195 770 3269 satisque
794 3201 956 3264 constabat,

117 3349 280 3408 Pngnunlium
289 3349 346 3408 uiua]
380 3347 484 3394 Abonte
493 3347 522 3392 ad
536 3351 601 3402 terga
614 3347 754 3390 transvectae
763 3342 862 3400 equiturn
876 3344 960 3388 Roma-

87 3423 166 3459 norum
177 3410 229 3454 alae
240 3421 341 3453 aversam
352 3406 509 3452 Britannorum
519 3403 590 3448 aciem
600 3402 709 3445 invasere.

119 3486 213 3546 Saepius
223 3484 339 3550 canobo]
370 3483 433 3531 Vere
442 3481 584 3526 emanatura
592 3473 697 3520 aTacito
705 3471 766 3516 liba.
778 3468 849 3516 llll.
862 3465 961 3510 homines
