2096 3840
106 237 155 310 64
356 257 445 307 rvau
468 257 589 304 scaro.
613 255 701 308 vrrs

105 413 207 472 iuveni
221 412 294 471 milri
314 411 478 486 despondit,
498 429 533 469 ac
545 415 610 485 post
631 411 981 470 Consulatumconloca·

105 513 159 581 vit,
172 519 203 570 et
216 513 313 570 statim
327 511 498 570 Britanniae
513 510 693 585 praepositus
702 517 756 578 est,
767 510 886 568 adiecto
901 511 981 570 Pon-

22 632 24 678 >
105 613 231 670 tilicatus
254 612 433 670 Sacerdotio.

21 707 23 756 ἑ
56 706 95 764 10
147 711 319 770 Britanniae
339 712 425 769 situm
454 711 642 785 populosque,
661 709 761 766 multis
788 709 982 782 scriptoribus

105 818 291 879 memoratos,
319 829 376 868 non
392 811 422 868 in
445 810 693 883 comparationem
721 825 807 874 curae
823 810 982 882 ingeniiv'e

106 913 247 970 aeteram:
268 911 398 985 sedquia
427 915 486 966 tum
502 909 625 982 primum
640 907 802 980 perdomita
823 915 877 964 est.
920 911 981 966 lta·

105 1029 170 1085 que,
194 1029 267 1086 quae
281 1011 390 1083 priores
405 1011 533 1066 nondum
555 1013 715 1080 comperta,
728 1007 896 1080 eloquentia
914 1026 981 1080 per·

106 1112 232 1178 coluere,
253 1127 347 1168 rerum
376 1110 432 1166 tide
461 1108 619 1164 tradentur.
674 1105 837 1175 Britannia,
871 1107 984 1166 insula·

106 1227 178 1276 rum,
198 1227 268 1283 quaa
307 1209 441 1265 Romana
469 1205 574 1264 notitia
598 1205 812 1277 complectitur,
840 1207 984 1276 maxima,

98 1308 248 1381 ¹spatioac
275 1309 360 1364 coelo
381 1305 412 1364 in
435 1306 586 1363 Orientem
615 1303 804 1370 Germaniae,
830 1303 860 1361 in
887 1306 980 1364 Occi·

105 1408 224 1464 dentem
253 1406 424 1479 Hispaniae,
451 1403 641 1462 obtenditur:
664 1401 760 1460 Gallis
774 1401 804 1460 in
822 1402 984 1464 Meridiem

106 1505 194 1564 etiam
222 1503 387 1578 inspicitur:
411 1501 667 1577 septemtrionalia
698 1500 772 1569 eius,
799 1502 887 1560 nullis
909 1521 984 1564 cou-

106 1609 151 1663 tra
175 1606 269 1672 terris,
290 1609 375 1660 vasto
388 1611 474 1678 atque
488 1607 590 1676 aperto
604 1598 676 1658 mari
703 1603 863 1672 pulsantur.
907 1604 982 1663 For·

105 1721 183 1762 mam
217 1704 305 1762 totius
339 1702 511 1762 Britanniae
554 1701 660 1760 Livius
696 1705 839 1769 veterum,
867 1704 982 1764 Fabius

106 1803 246 1862 Rusticus
260 1804 430 1872 recentium,
444 1803 672 1876 eloquentissimi
682 1811 822 1875 auctores,
833 1805 982 1880 oblongae

106 1905 238 1962 scutulae
262 1905 312 1962 vel
340 1902 461 1976 bipenni
481 1902 704 1962 adsimulavere.
725 1909 756 1962 et
770 1910 816 1962 eat
830 1921 866 1962 ea
886 1903 981 1964 natea

106 2003 182 2062 citra
195 2002 398 2066 Caledoniam,
423 2004 500 2062 unde
522 2008 552 2060 et
580 2003 612 2060 iu
636 2003 807 2064 universum
827 2003 906 2064 fama
934 2009 983 2064 est

107 2109 293 2178 transgressa.
314 2104 365 2158 sed
381 2103 545 2160 inmensum
568 2108 598 2160 et
613 2121 731 2162 enorme
756 2105 883 2178 spatium
913 2121 977 2178 pro

107 2203 286 2262 currentium
309 2206 441 2258 extremo
454 2201 524 2274 iam·
547 2188 644 2260 littore
671 2208 818 2270 terrarum,
833 2205 917 2264 velut
946 2205 979 2266 iu

108 2318 233 2360 cuneum
251 2307 395 2358 tenuatur.
436 2302 522 2358 lieno
533 2319 613 2358 oram
636 2301 790 2363 novissimi
805 2303 893 2364 maris
908 2309 981 2362 trano

109 2401 233 2474 primurn
257 2401 391 2458 Romana
411 2401 514 2458 classis
528 2400 739 2468 circumvecta,
761 2403 889 2462 insulam
914 2421 983 2460 esse

109 2499 293 2560 Britanniam
313 2500 485 2568 adfirmavit,
513 2516 548 2556 ac
576 2499 660 2558 simul
688 2501 856 2576 incognitas
883 2503 921 2560 ad
951 2503 983 2561 id

109 2604 223 2674 tempus
236 2599 355 2668 insulas,
374 2616 444 2674 quas
467 2599 597 2658 Orcadas
619 2601 864 2667 vocant,tnvenit
878 2603 981 2662 domu·

139 2754 221 2802 Multis
229 2753 380 2814 scriptoribus]
410 2753 474 2800 Julio
491 2751 591 2810 Caesari,
613 2753 686 2810 Livio,
702 2755 816 2814 Straboni,
835 2755 909 2802 Fabio
924 2755 983 2804 Bur·

110 2815 163 2870 lico,
173 2814 295 2876 Pomponio
305 2815 394 2870 Melae,
406 2812 486 2870 Plinio,
496 2819 540 2860 eta.
1027 2831 1028 2857 r

138 2893 231 2955 livius]
261 2892 326 2940 Haeo
337 2892 441 2939 tradebat
455 2891 531 2938 Livius
546 2891 605 2938 libro
615 2892 664 2940 CV.
676 2893 713 2954 qui
724 2893 800 2955 periit.
831 2893 893 2940 Vide
904 2893 983 2956 Bpito·
1026 2939 1027 2963 ,

110 2967 169 3000 rnen.

140 3031 253 3089 oblongae
271 3032 370 3077 scutulae
388 3029 423 3076 uel
447 3028 546 3088 bipenni]
579 3029 628 3076 Has
652 3031 731 3090 figuras
755 3037 875 3092 artuumque
899 3033 983 3078 referet
1025 3021 1026 3067 i

112 3091 234 3147 Britannia,
254 3091 273 3136 si
292 3089 348 3135 citra
367 3088 522 3143 Caledoniam,
542 3104 592 3134 eam
611 3089 737 3150 imponeris¹
771 3094 802 3136 at
823 3091 844 3136 in
861 3092 896 3137 bis
911 3091 984 3150 liguris
1024 3113 1025 3171 p

109 3151 169 3198 lrand
180 3149 230 3210 plus
239 3148 347 3203 veritatis,
362 3161 428 3208 quam
444 3147 466 3192 in
481 3145 641 3210 Geograplricis
656 3147 748 3206 tabulis,
762 3163 819 3210 quae
829 3150 932 3209 Belgium
943 3152 984 3198 sub

108 3210 179 3257 forma
191 3208 261 3254 leonis
271 3207 398 3254 exhibuere.
1023 3191 1024 3277 i

139 3288 246 3345 Orcadad
280 3287 300 3332 N
303 3301 344 3332 rinc
360 3285 408 3332 Tae
418 3286 527 3342 Orkaeps,
544 3287 580 3331 vel
591 3285 695 3342 Qrcndsa.
728 3287 817 3332 lnsulae
827 3287 917 3348 quidem
928 3287 983 3333 illae

109 3351 163 3394 tunc
182 3351 245 3392 certo
264 3345 394 3406 penitusque
413 3343 516 3402 cognitae
539 3352 596 3392 erint.
631 3348 688 3391 onte
712 3345 867 3400 lamaaaltem
882 3345 982 3393 celebres

108 3407 183 3452 tuere:
200 3405 259 3450 unde
275 3405 347 3457 bleta,
365 3405 403 3450 tlt.
421 3407 441 3449 a.
475 3403 583 3462 Briginta
598 3411 651 3449 aunt
665 3403 762 3449 menan
776 3406 879 3462 ungarum
892 3405 983 3452 interae

109 3466 212 3511 diductae
230 3463 311 3519 spatiis.
345 3463 374 3508 Bt
400 3463 492 3516 Plinius,
519 3463 559 3510 tv.
581 3465 613 3508 lo.
633 3467 685 3508 sunt
700 3468 774 3508 cutem
794 3463 845 3509 XL⁴
879 3465 984 3519 Oreades,

110 3524 201 3571 modicis
215 3523 275 3570 inter
289 3537 311 3568 ae
325 3521 430 3569 discretae
446 3520 531 3580 spatiis.
563 3521 653 3566 Claudii
667 3527 771 3580 tempore
784 3522 919 3583 pervulgata
933 3525 987 3570 baec

78 3747 111 3802 la
