2062 3824
98 193 170 263 12⁰
279 209 327 266 os
353 211 581 264 casrorsrsrs
607 211 785 268 uranoers

93 371 140 428 tos
154 368 275 430 levitate
288 367 377 428 iaculi
391 372 440 424 aut
454 366 518 424 iecu
534 367 609 426 disci
624 385 803 428 vanemere:
829 367 874 428 sic
882 385 961 428 nnnc

18 508 20 534 r
61 439 124 526 'le
138 469 175 526 ab
188 466 337 526 ondiloriis
351 473 381 524 et
393 467 515 524 theatris
537 468 566 526 in
590 467 681 526 lorum
696 468 776 524 etad
791 484 911 524 caussas
932 473 962 528 et
1024 533 1025 544 χ

17 564 20 628 Γ
93 567 131 628 ad
149 585 216 624 vera
231 565 447 639 prostremam
468 582 534 624 crim
550 567 719 638 praesertim
743 584 780 624 ue
795 567 830 624 ad
855 567 884 624 id
900 567 960 641 qui·

16 664 17 681 ¹
92 665 160 726 dem
184 666 339 737 confugere
363 664 463 736 possis,
486 666 561 738 quod
587 665 730 739 plerisque
751 665 960 736 patrocinatur,

92 768 238 836 tamqnam
266 764 359 822 minus
386 765 546 820 obnoxium
566 764 604 819 sit
636 763 764 822 offensae
799 771 956 836 poetarum,

91 869 343 938 quamoretornm,
366 862 500 920 studium.
545 861 810 920 Effcrvesoitenim
834 863 881 918 vis
897 865 956 935 pul·

91 963 253 1020 cherrimce
267 971 386 1019 naturae
401 968 486 1029 tnee;
508 979 561 1018 nec
585 980 635 1034 pro
649 963 744 1020 emico
767 964 875 1036 aliquo,
895 963 957 1031 sed,

9 1116 10 1120 ,
89 1063 166 1136 quod
182 1061 367 1133 periculosius
381 1068 434 1124 est,
450 1078 499 1132 pro
514 1063 627 1118 Getone
641 1061 770 1118 odendis.
793 1079 850 1118 nec
864 1079 953 1120 esun-
1024 1081 1025 1146 3

7 1173 9 1240 j
90 1167 170 1216 satur
182 1159 292 1216 offensa
312 1161 526 1218 necessitudine
541 1160 641 1225 officii,
655 1165 704 1218 ant
719 1161 775 1216 nde
786 1160 957 1220 advocatio·
1024 1169 1025 1240 ζ

90 1259 146 1320 nis,
160 1265 207 1314 nut
223 1258 357 1314 fortuitae
381 1267 410 1315 et
435 1260 546 1315 subitae
570 1259 708 1316 dictionis
731 1259 848 1330 inpetu:
870 1265 900 1314 at
922 1265 953 1316 ttt
1024 1241 1025 1330 J

89 1356 244 1415 meditetur
270 1356 377 1416 videris
404 1359 528 1428 elegisse
556 1373 707 1429 personam
737 1356 896 1414 notabilem
925 1362 955 1416 et

88 1471 155 1514 cum
178 1455 350 1512 auctoritate
370 1455 521 1514 dicturum.
564 1456 676 1516 Sentio.
697 1456 764 1529 quid
785 1456 955 1528 responderi
1024 1453 1025 1528 J

88 1554 195 1628 possit:
211 1555 280 1614 binc
289 1554 422 1627 ingentes
437 1555 577 1612 exsistere
592 1555 819 1619 accenseantur.
834 1554 865 1612 in
882 1554 952 1628 ipsis

87 1653 236 1712 auditoriis
264 1653 416 1725 praecipue
446 1653 564 1720 laudari,
588 1659 618 1710 et
646 1669 714 1710 mox
737 1653 867 1710 omnium
896 1671 955 1712 ser·
1024 1685 1025 1688 κ

86 1752 219 1812 monibus
252 1753 326 1810 ferri.
368 1752 457 1808 Tolle
485 1751 572 1825 igitur
598 1752 703 1824 qnietis
726 1755 756 1808 et
783 1752 950 1810 securitatis
1024 1765 1025 1828 ζ

86 1853 316 1918 excusationem,
345 1868 411 1908 cnm
439 1850 492 1924 tibi
520 1868 615 1908 sumas
649 1850 846 1908 adversarium
868 1867 952 1923 supe·
1024 1829 1025 1844 ¹

6 1933 8 1938 ¹
86 1949 198 2008 riorem.
230 1951 313 2008 nobis
343 1950 414 2006 satis
444 1951 492 2014 sit,
522 1951 649 2020 privatas
675 1956 704 2005 et
726 1949 814 2006 nostri
836 1950 949 2010 saeculi
1024 1985 1025 2024 p

85 2050 298 2106 controversias
319 2048 401 2114 tueri,
429 2048 460 2107 in
488 2047 589 2120 quibus
622 2029 768 2119 expressis
788 2049 812 2104 si
833 2050 951 2122 qnando

84 2165 206 2208 necesse
237 2148 285 2214 sit,
320 2163 370 2218 pro
404 2146 587 2220 periclitante
621 2149 717 2204 amico
753 2147 951 2220 potentiorum

82 2263 167 2305 cures
198 2247 354 2314 offendere,
380 2251 411 2302 et
439 2248 557 2319 probata
586 2245 624 2302 sit
654 2246 735 2313 fides,
766 2251 797 2303 et
829 2245 949 2304 libertas

84 2352 233 2404 excusate.

33 2453 68 2512 11
124 2446 207 2517 Quae
227 2461 293 2500 cnm
319 2442 442 2500 dixisset
477 2443 558 2514 Aper
585 2441 689 2504 acrius,
717 2447 748 2502 ut
772 2443 898 2510 solebat,
918 2449 950 2502 et
1024 2429 1025 2456 ¹

81 2544 267 2609 intentum,
281 2543 416 2600 remissus
430 2550 459 2599 et
474 2541 624 2600 subridens
647 2541 807 2606 Maternus,
829 2543 950 2612 Paravi,
1024 2551 1025 2592 t

81 2643 184 2717 inquit,
205 2659 260 2706 me,
282 2661 340 2700 non
364 2643 457 2698 minus
481 2639 531 2696 diu
557 2642 695 2697 cdcusnre
717 2647 845 2698 oratores
859 2659 947 2716 qrrem
1024 2647 1025 2712 l

82 2742 165 2816 Aper
178 2721 317 2798 laudavit.
358 2741 435 2797 Fore
454 2737 533 2796 enim
555 2739 723 2805 arbitrabar,
750 2746 790 2808 nt,
809 2757 827 2796 a
848 2743 946 2798 lauda·
1024 2715 1025 2752 ¹

81 2842 160 2900 tione
191 2858 289 2896 eornm
323 2840 477 2911 digressus,
511 2839 685 2895 detrectaret
717 2844 817 2910 poetas
857 2847 945 2914 atque
1024 2875 1025 2892 r

77 2939 236 2998 carminum
260 2938 386 2994 studium
410 2941 621 3008 prosterneret:
643 2944 705 2994 arte
721 2939 844 3012 quadam
869 2937 945 2996 miti·
1024 2945 1025 3002 ἶ

78 3039 170 3116 gavit,
184 3037 373 3094 concedendo
388 3036 441 3102 his,
455 3036 503 3110 qui
519 3053 635 3094 caussas
647 3055 732 3110 agere
747 3053 805 3092 non
815 3043 945 3108 possent,
1024 3075 1025 3082 ἶ

78 3146 110 3196 ut
134 3155 233 3194 versus
260 3135 399 3191 lacerent.
449 3138 514 3210 Ego
536 3141 643 3204 entem,
667 3136 743 3192 sicut
771 3136 801 3194 in
830 3138 943 3196 caussis
1024 3135 1025 3164 ⁴

107 3307 278 3366 Atuatucis]
309 3307 345 3352 Sc.
363 3305 400 3352 nbi
418 3299 559 3354 recitationes
579 3308 677 3363 habitae,
690 3277 750 3354 ¹item
766 3307 806 3354 nbi
820 3309 945 3358 declamari

76 3368 172 3416 solebat.
202 3364 398 3412 Auditoriaetiam
414 3380 451 3424 ap.
471 3366 566 3412 Plinium
581 3373 604 3410 et
620 3366 781 3417 Quintilianum
793 3367 843 3413 loro
851 3378 877 3415 et
888 3369 946 3416 veris

77 3425 157 3473 caussis
165 3430 306 3484 opponuntur
315 3439 323 3482 ς
332 3437 389 3483 quse
395 3423 446 3470 locs
454 3424 547 3482 collegit
553 3425 680 3471 l’erisonius
690 3425 719 3470 de
728 3425 848 3472 Praetorio
857 3441 881 3488 p.
892 3432 946 3478 2⁰2.

76 3483 136 3530 Em.
