2062 3824
91 191 162 259 lto
275 210 322 258 nu
341 209 579 286 sonsuonrnvs
605 209 786 260 ornnocvs

8 391 9 398 κ
86 363 181 422 destio
201 381 237 424 oc
258 366 365 438 pudore
381 366 542 433 verborum,
564 363 636 437 ipsis
659 365 758 434 etism,
782 364 887 441 quibus
901 368 957 426 uti·

86 468 141 530 tur,
161 464 248 522 annis
274 465 483 536 incompositus
509 471 540 522 et
566 466 663 542 studio
688 465 812 524 t'eriendi
833 469 957 540 plerum·

86 581 142 638 que
168 563 309 635 dejectus,
337 581 394 619 non
424 568 539 637 pugnet,
566 565 618 620 sed
646 562 764 621 rixatur.
806 565 957 634 Ceterum,

85 667 118 720 ut
144 663 218 729 disi,
244 662 432 736 sequentibus
455 669 646 735 comparatus,
673 667 704 720 et
725 663 870 722 verietate
896 659 957 721 eru-

85 761 206 820 ditionis
220 767 250 819 et
279 765 376 835 tepore
399 762 570 819 urbe-nitetis
589 768 620 819 et
644 762 770 836 ipserum
794 763 902 822 virium
916 781 957 822 ro·

85 861 155 918 bore
187 862 307 918 muttum
344 865 458 917 ceteros
485 866 625 932 superet:
655 878 774 936 qnorum
807 864 956 920 neminem

87 961 171 1032 Aper
186 960 334 1018 nominare
361 964 391 1015 et
416 961 495 1016 vetut
510 959 541 1016 in
555 960 650 1017 eciem
672 962 796 1018 educere
810 955 955 1019 sustinuit

86 1057 152 1131 Ego
179 1066 275 1114 entem
303 1061 520 1130 exspectabam,
552 1065 591 1128 nt,
618 1059 752 1116 incusato
785 1059 896 1142 Asinio¹
926 1065 956 1117 et

87 1155 194 1215 (ioetio
219 1163 248 1212 et
284 1157 390 1220 Caino,
414 1159 492 1214 uliud
523 1157 606 1214 nobis
642 1175 747 1232 agmen
774 1161 957 1231 produceret,

86 1255 231 1330 plurisque
260 1257 309 1311 vei
336 1261 416 1313 certe
444 1257 564 1312 totidem
592 1258 764 1322 nominaret,
791 1275 830 1314 ex
853 1257 955 1331 quibus

86 1352 175 1411 etium
191 1353 444 1418 ciceronianum
469 1355 599 1420 Conseri,
624 1356 745 1430 singuiis
770 1353 958 1418 demum'sin-

86 1455 178 1526 gutos,
204 1471 424 1525 opponeremus.
486 1455 584 1522 Nune,
613 1455 791 1512 detrectasse
826 1457 955 1513 nominc·

86 1551 139 1608 tim
167 1552 300 1626 antiquos
327 1557 454 1608 oratores
478 1561 642 1619 contentus,
667 1553 813 1611 neminem
836 1571 957 1629 sequen·

86 1648 159 1707 tium
175 1653 291 1707 tondere
306 1668 390 1708 nuens
414 1652 537 1717 connisi
557 1652 587 1710 in
615 1651 759 1724 pubiicum
780 1661 810 1709 et
835 1653 866 1709 in
881 1669 958 1711 com»

86 1763 195 1806 mune:
232 1745 351 1815 veritus,
385 1751 484 1816 credo,
518 1769 555 1807 ne
590 1753 694 1808 muttos
731 1751 901 1820 offenderet,
933 1751 958 1809 si

88 1865 196 1922 pennos
223 1847 426 1922 excerpsisset.
445 1854 547 1922 quotus
568 1851 647 1907 enim
665 1851 786 1924 ,quisque
807 1850 958 1908 scholasti·

88 1963 186 2004 corum
212 1965 269 2004 non
292 1949 347 2004 huc
372 1965 422 2004 suu
448 1949 633 2018 persuasione
655 1948 765 2012 fruitur,
786 1953 816 2004 ut
843 1965 956 2034 sequen

88 2046 204 2120 quidem
225 2054 294 2102 ente
325 2047 499 2104 Ciceronem
528 2052 668 2115 numeret,
695 2047 748 2104 sed
776 2048 863 2119 piene
892 2051 958 2121 post

89 2143 310 2204 Gabinianum?

35 2245 76 2311 27
131 2245 172 2300 At
199 2261 253 2315 ego
275 2261 333 2300 non
355 2245 480 2300 verebor
496 2244 645 2302 nominare
675 2245 811 2318 singulos,
832 2263 890 2320 quo
920 2242 958 2302 t's-

88 2343 183 2408 ciiius,
199 2343 350 2415 propositis
365 2342 520 2416 exemptis,
545 2349 691 2416 apparent,
705 2345 806 2419 quibus
820 2347 957 2420 gradibus

88 2442 180 2500 fructa
193 2440 231 2497 sit
246 2447 275 2497 et
288 2443 438 2499 deminuta
450 2442 626 2516 eloquentie.
889 2429 891 2434 Ι

139 2541 318 2612 Approperu,
352 2541 443 2614 inquit
478 2541 638 2608 Maternus,
671 2547 702 2599 et
735 2543 829 2616 potius
863 2545 959 2600 exsut·

89 2655 128 2696 ve
159 2640 338 2711 promissum.
390 2641 493 2712 Neque
513 2641 592 2697 eninr
613 2642 670 2698 hoc
690 2642 792 2715 cottigi
812 2642 959 2698 desidere-

89 2755 162 2802 mus,
181 2736 346 2794 disertiores
367 2755 430 2793 esse
463 2739 608 2812 entiquns,
638 2742 713 2814 quod
735 2741 808 2812 errud
830 2758 877 2797 me
899 2740 959 2814 qui·

88 2834 206 2894 demin
228 2835 360 2892 confesso
381 2843 434 2899 est,
454 2838 506 2892 sed
530 2854 646 2895 caussas
678 2839 865 2911 exquirimus,
887 2857 959 2912 quus

89 2938 119 2991 te
140 2933 255 2989 sutitum
286 2939 418 2998 tractare,
447 2937 543 3006 punito
563 2943 630 2992 ante
661 2937 771 3002 dixisti,
799 2939 886 3010 plene
908 2937 960 2994 mi·

89 3031 145 3089 tior
175 3037 205 3087 et
232 3025 415 3104 eloquentiae
444 3039 606 3102 temporum
634 3029 793 3093 nostrorum
824 3053 884 3093 nnn
905 3037 961 3094 ire·

118 3183 172 3249 Post
182 3181 347 3244 Gabinianum]
382 3184 468 3231 iihetcr
483 3186 525 3232 init
539 3185 671 3248 Vespaiinni
686 3204 751 3245 nevo,
766 3189 850 3258 dequo
866 3190 960 3236 Eusebii

89 3241 215 3287 chronicon
226 3242 254 3286 ad
267 3241 333 3301 νεαρ.
349 3257 369 3287 n.
386 3245 406 3287 8.
424 3243 566 3293 danninum
581 3247 718 3293 celetnnirni
732 3248 829 3294 nominer
844 3250 921 3294 rhetor
934 3251 961 3296 in

89 3299 166 3344 dunin
176 3299 257 3344 docent.
269 3357 274 3368 Ι
286 3301 320 3346 tta
331 3300 394 3352 tiber,
405 3306 442 3362 qni
454 3306 511 3362 apud
523 3320 558 3350 ine
568 3306 735 3366 manuscriptus,
746 3306 828 3368 probus
839 3315 958 3370 vetusque.

89 3357 173 3414 Vulgo,
189 3355 305 3404 Gabinius.
339 3360 460 3406 Nominont
477 3371 499 3406 et
521 3364 672 3420 Hieronymus
689 3372 713 3410 et
730 3365 830 3411 Suetonii
846 3365 916 3413 index
932 3367 963 3415 de

89 3414 156 3530 mn
165 3415 301 3477 rhetoribus,
310 3418 372 3479 quod
382 3418 521 3470 doct‘nsirnus
534 3427 560 3470 et
573 3422 676 3482 optimus,
684 3423 735 3472 Nic.
747 3423 822 3472 raher
832 3425 964 3475 ednotsrit.
