2062 3824
421 259 499 306 cnr.
527 237 560 306 6.
585 239 620 306 7.
873 241 944 310 115

77 411 139 485 ipsa
151 411 323 471 sollicitudo
346 415 533 470 commendat
556 417 740 471 evcntumat
762 414 946 476 lenocinatur
977 453 981 491 ,

78 512 231 584 voluptati.
274 513 336 569 Sed
358 513 564 587 extemporalia
578 513 727 572 audaciae
748 519 834 589 utque
855 515 946 586 ipsius
967 512 979 631 l

997 537 1014 583 ll

80 610 251 668 temeritatis
276 611 324 668 vel
351 613 507 684 praecipua
527 611 692 670 incunditas
719 619 773 669 eat.
816 613 893 670 Nam
913 611 946 670 ln
995 586 1015 620 ’λ

80 707 198 783 isigcnio
211 724 336 784 quoquc,
361 710 438 767 siout
463 710 495 767 in
516 727 594 785 agro,
618 727 789 785 quamquam
817 711 875 767 alia
894 710 945 768 cin

79 815 208 866 serantur
233 815 322 882 atque
357 811 549 877 elaborentur,
577 811 703 885 gratiora
736 819 844 877 tamen,
871 825 945 884 quaa

81 923 130 963 aua
141 913 246 980 sponte
262 914 427 964 nmcuntur.

117 1005 272 1080 Equidem,
285 1009 317 1062 ut
331 1007 368 1064 dc
382 1023 428 1062 mc
448 1006 512 1079 ipae
524 1006 624 1074 fatear,
639 1023 697 1065 uon
711 1023 777 1064 oum
795 1005 873 1064 diem
887 999 976 1064 lae-T

82 1101 180 1160 norem
194 1105 254 1178 ogi,
266 1123 323 1179 quo
336 1104 408 1162 mihi
422 1107 496 1162 latus
510 1107 612 1162 clavus
631 1105 744 1162 oblatus
758 1113 811 1172 cst,
826 1107 873 1165 vel
887 1121 946 1180 quo

82 1201 166 1258 homo
179 1221 285 1269 novus,
309 1210 339 1260 ct
362 1203 393 1260 in
408 1203 530 1260 civitate
544 1203 663 1261 minime
676 1203 828 1262 favorabili
851 1213 946 1271 natur,

83 1302 282 1374 Quaesturam,
296 1309 345 1359 ant
360 1301 564 1368 Tribunatum,
578 1307 627 1359 aut
644 1303 809 1360 Praeturam
824 1302 943 1376 accepi:

82 1417 163 1474 quam
177 1418 239 1468 cos,
253 1401 354 1474 quibus
369 1401 449 1466 milri,
473 1417 524 1472 pro
548 1400 747 1458 mediocritate
761 1401 844 1458 huius
857 1417 948 1476 qnan-

82 1501 282 1572 tulaecnmquc
296 1498 327 1556 in
348 1500 474 1555 dicendo
487 1499 640 1568 lacultatis,
655 1505 703 1556 ant
717 1517 795 1556 rcum
810 1515 946 1574 prospera

81 1597 245 1664 defendere,
266 1604 316 1654 aut
337 1599 412 1669 apud
434 1597 641 1655 (lentumviros
663 1615 794 1656 caussam
818 1597 946 1672 aliquam

82 1695 203 1753 lelioitcr
216 1713 309 1762 oraro,
323 1703 372 1752 aut
396 1697 470 1769 apud
496 1695 662 1769 Principem
682 1697 761 1768 ipsos
780 1695 847 1752 illos
861 1697 946 1752 libor·

81 1797 123 1850 tor
149 1801 179 1850 et
205 1795 412 1853 Procuratores
441 1793 607 1866 Principum
636 1795 708 1850 tucri
732 1799 762 1850 ct
789 1793 945 1850 defendero

81 1893 169 1949 datur.
211 1893 293 1950 'l'um
307 1891 379 1948 mibi
392 1909 477 1965 supra
491 1893 671 1949 Tribunatus
684 1899 715 1948 et
738 1891 891 1958 Praeturaa
913 1896 946 1950 ct

82 1990 255 2048 Consulatus
282 1992 459 2047 adscendere
485 1991 594 2057 videor,
630 1995 691 2047 tum
726 1991 831 2047 habere
858 1991 946 2066 quoti,

80 2089 103 2146 ai
130 2108 187 2146 non
213 2090 245 2147 in
274 2089 372 2146 animo
394 2090 492 2156 oritur,
520 2107 575 2146 nco
599 2089 744 2146 codicillis
767 2091 859 2155 riatur,
887 2103 945 2147 nac

81 2204 145 2245 cum
169 2187 375 2262 gratiavcnit.
418 2187 500 2259 Quas
522 2189 597 2244 lama
611 2193 641 2244 ct
665 2189 725 2244 laus
751 2189 881 2246 cuiusvis
901 2206 945 2246 ar·

79 2287 116 2344 tis
141 2303 209 2344 oum
230 2293 374 2343 oratorum
398 2283 500 2359 gloria
517 2287 710 2357 comparanda
734 2292 788 2351 est,
812 2287 859 2360 qni
884 2305 944 2346 non

78 2386 213 2442 inlustres
232 2385 263 2442 in
287 2385 357 2441 urbe
383 2388 484 2450 solnm,
509 2387 584 2457 arrud
614 2387 778 2460 negotiosos
805 2391 834 2443 et
859 2390 944 2444 rebus

77 2484 215 2550 inlectos,
245 2481 297 2540 aad
331 2483 419 2540 etiam
440 2485 515 2555 apud
543 2484 664 2542 iuvenes
685 2492 713 2542 ct
732 2487 945 2553 adolescentes,

79 2584 182 2657 quibus
196 2583 282 2638 modo
308 2587 387 2638 recta
401 2587 429 2637 et
452 2583 622 2639 indulcarat
644 2589 674 2639 et
697 2586 771 2640 bona
795 2601 860 2656 spes
875 2579 944 2641 scii

80 2681 207 2752 Quorum
227 2680 346 2737 nomina
364 2679 439 2752 prius
454 2687 587 2752 parentes
602 2682 700 2737 liberis
714 2681 773 2738 auis
787 2678 943 2756 ingerunt?

79 2797 149 2854 quos
171 2779 288 2850 saepius
312 2779 415 2852 vulgus
435 2778 590 2852 inperitum
611 2785 642 2836 et
663 2781 807 2836 tunicatus
821 2781 870 2855 liic
895 2797 943 2856 po·

106 2952 180 3000 nnn
189 2953 286 3012 curan}
314 2952 355 3000 Jus
370 2953 494 3000 ”somnne
508 2951 630 3008 dignitatis.
646 2955 706 3012 enirn
720 2953 805 3012 tanne
818 2961 867 3002 erat
882 2957 944 3004 latua

78 3012 208 3065 channam
221 3011 386 3056 vratislatisrx
412 3027 492 3071 urpnra
519 3011 694 3069 ingladistiucla
726 3013 762 3060 De
773 3015 814 3060 hac
822 3015 941 3074 dignitate,

78 3072 168 3132 rjusqne
176 3077 269 3116 auctora
278 3069 387 3128 Principe,
396 3026 489 3126 i’linius,
501 3027 529 3116 fl
562 3070 605 3130 Ep.
617 3073 638 3117 a.

10 3167 11 3192 l
106 3149 178 3196 Hunno
187 3149 269 3210 norw]
299 3147 367 3204 cnjus
377 3149 469 3206 majores
478 3149 575 3196 nondum
585 3149 741 3196 inclaruerunt.

10 3253 13 3412 l

106 3226 137 3274 ln
146 3229 233 3274 ciuitate
243 3226 365 3285 minusca]
383 3228 508 3279 Maternus.
525 3229 643 3280 Secundus.
659 3229 721 3288 Aper
736 3230 798 3275 luere
807 3230 875 3280 Galli.
887 3248 909 3280 v.
919 3249 941 3284 c.

79 3285 112 3334 ln.
128 3287 188 3333 lavor
198 3300 266 3347 penes
276 3283 397 3331 Romanos.
417 3287 527 3332 Ammian.
539 3289 572 3340 ll,
587 3291 607 3330 5.
620 3285 654 3330 ci.
666 3291 743 3336 notata
753 3288 781 3330 nd
791 3302 808 3329 c.
823 3291 857 3332 l'l.

110 3363 245 3423 namon]
277 3361 401 3412 Tunicatus
417 3363 453 3410 iric
468 3362 571 3423 populna,
589 3375 629 3407 aru
641 3359 729 3407 misella
742 3359 818 3418 plebs,
833 3373 876 3404 non
886 3365 943 3413 lma

76 3422 118 3471 red
127 3423 202 3472 tunica
211 3421 368 3469 induebantur.
