2106 3828
431 319 657 378 ursrourevs.
894 303 942 370 75

163 487 254 548 mana
264 473 420 526 dnnauturl
436 469 473 524 Η.
488 475 531 524 76.
545 487 562 524 a
582 471 710 540 Sequanis
723 471 869 526 lunduntur
880 478 896 526 4
909 471 946 526 Η.

172 564 217 614 67.
237 576 287 628 pro
309 558 436 626 Verginio
448 565 544 612 contra
565 559 707 612 Vindicem
720 565 795 612 stant
815 558 880 610 AH.
904 563 946 612 69.

174 646 311 700 Romanos
324 645 441 713 adgressi
832 649 849 696 4
862 644 899 698 Η.
914 651 945 700 77

134 731 220 788 ninus
230 731 264 782 Ο.
280 733 320 782 12.
341 729 486 782 Thebanus
854 735 895 791 11,
911 733 944 784 12

133 819 280 872 Literaea
304 819 401 886 quibus
422 819 550 868 iuventae
572 820 612 876 11,
632 820 674 867 14.
687 816 841 884 Aegyptiae
862 820 889 876 2,
902 820 946 870 66.

172 905 296 958 Graecae
309 905 336 955 iu
357 904 519 956 Germaniae
532 903 627 956 linibus
641 902 675 954 G.
689 906 714 954 3.
734 918 819 956 norae
832 919 848 956 a
867 903 947 956 Clau·

172 991 219 1044 dio
232 991 341 1044 additae
357 994 449 1050 11,13.
470 990 647 1044 Sacerdotuni
661 989 761 1042 ludaic.
833 988 896 1042 5H.
915 993 946 1042 13

135 1076 278 1130 Livineius
300 1079 418 1147 Regulus
431 1076 520 1129 Pisoni
541 1079 708 1144 patrunuslt,
724 1081 764 1128 11.
783 1076 946 1145 gladiatores

172 1164 234 1218 edit
854 1169 894 1226 14,
910 1169 941 1217 17

135 1249 217 1304 Livia
232 1251 346 1318 Augusti
360 1266 427 1302 usur
441 1254 464 1308 1,
478 1252 504 1302 3.
518 1248 593 1302 dolus
606 1251 664 1302 eius
681 1253 708 1304 in
727 1249 842 1320 Augusti
864 1268 945 1320 nepo·
1019 1271 1023 1276 ·

171 1342 216 1390 tes
231 1336 296 1390 ibid.
334 1337 448 1405 Augusti
468 1343 584 1390 mortem
596 1339 669 1390 celat
684 1343 706 1397 1,
727 1341 751 1390 5.
773 1341 799 1394 in
812 1339 944 1394 familiam

139 1479 141 1484 ,
175 1421 274 1476 Iuliam
287 1422 438 1474 adsumitur
453 1426 474 1480 1,
494 1425 519 1473 3.
556 1421 734 1490 Reipublicae
755 1425 844 1492 gravia
865 1431 888 1486 1,
904 1428 944 1477 tu.

172 1509 295 1564 adulatio
309 1510 422 1561 Senatus
436 1511 536 1561 ineam
555 1513 579 1569 1,
594 1514 635 1562 14.
672 1510 839 1577 Agrippinae
859 1512 944 1564 inlen-

172 1611 203 1648 ιιι
217 1600 240 1656 1,
254 1598 296 1648 33.
310 1597 336 1656 2,
361 1598 402 1646 43.
423 1599 448 1654 4,
470 1597 510 1646 12.
547 1595 686 1663 Augustae
704 1609 801 1646 nomeu
821 1593 946 1661 adipisci-

173 1684 228 1737 tur.
248 1683 269 1740 1,
282 1683 308 1731 3.
346 1679 519 1748 Vrgulaniam
531 1682 649 1731 maxime
662 1679 752 1747 diligit
763 1681 789 1738 2,
802 1683 845 1730 34.
862 1683 887 1740 4,
899 1681 943 1730 22.

171 1765 330 1819 Plancinam
354 1768 474 1834 protegit
487 1769 513 1826 3,
540 1768 579 1817 16.
604 1769 642 1818 17.
663 1781 754 1818 miuus
778 1765 899 1834 Augusto
914 1768 942 1821 in

172 1854 319 1921 provinciis
340 1855 365 1911 3,
387 1856 429 1904 34.
451 1850 580 1906 valetudo
601 1854 658 1904 eius
681 1855 758 1906 atrox
778 1855 804 1904 3.
826 1854 868 1902 64.
890 1851 945 1904 elli·

171 1939 246 2006 giem
259 1939 379 2005 Augusto
391 1937 465 1988 dieat
481 1935 547 1988 ibid.
561 1941 627 1988 vota
648 1952 696 2004 pro
708 1937 766 1988 eius
784 1935 940 1990 valetudine

171 2026 198 2084 3,
215 2028 257 2076 71.
270 2029 396 2074 extrema
417 2025 474 2074 eius
492 2027 604 2074 senecta
620 2026 646 2080 4,
667 2025 692 2072 6.
712 2020 788 2074 sedes
800 2022 857 2074 eius
871 2022 944 2076 inter

172 2106 301 2160 Vestales
314 2111 341 2159 in
355 2110 462 2160 theatro
475 2113 500 2168 4,
524 2110 564 2158 16.
583 2106 725 2160 delubrum
746 2107 772 2158 ei
784 2109 819 2160 ab
828 2107 895 2160 Asia
914 2112 945 2160 et

173 2193 308 2261 Hispania
324 2194 453 2253 dicatum.
467 2199 492 2254 4,
513 2197 558 2246 37.
572 2193 629 2246 eius
649 2197 676 2246 in
702 2193 844 2248 Tiberium
859 2193 944 2248 tilium
984 2183 993 2198 '

174 2283 359 2347 exprobratio,
382 2285 407 2338 4,
431 2282 474 2332 67.
495 2278 591 2335 lutiam
613 2283 726 2348 neptem
746 2281 868 2334 exsulem
888 2297 945 2336 sua·

171 2369 274 2424 tentat,
288 2370 312 2423 4,
328 2369 369 2416 71.
382 2368 497 2417 moritur
508 2367 533 2424 6,
550 2369 573 2416 1.
586 2366 644 2418 eius
655 2366 713 2418 vita
724 2370 753 2418 et
767 2381 854 2420 utores
874 2365 941 2420 ibid.

135 2452 217 2506 Liria
229 2451 308 2504 Drusi
320 2466 386 2503 uxor
397 2455 422 2511 2,
436 2455 478 2503 43.
488 2467 561 2504 soror
570 2451 723 2505 Germanici
737 2455 762 2514 2,
775 2457 818 2506 84.
837 2454 942 2507 adultu-

172 2545 279 2592 satura
298 2538 394 2590 Seiano
415 2544 440 2598 4.
453 2543 479 2592 3.
492 2542 644 2594 sententiae
664 2543 692 2592 in
713 2542 771 2594 eius
792 2540 891 2608 effigies
911 2544 942 2592 et

174 2624 334 2676 memoriam
346 2631 452 2677 atroces
755 2635 758 2642 '
882 2627 940 2686 aa

139 2708 335 2764 Liriat’ruuilia
443 2737 449 2748 ·
866 2711 891 2770 6,
906 2712 938 2762 51

136 2793 279 2850 Livineius
291 2793 408 2862 Regulus
742 2795 768 2854 3,
784 2796 824 2844 ll.
846 2797 885 2855 14,
906 2798 938 2848 17
1044 2833 1046 2842 .

139 2881 391 2936 1ι1ιὶιιεΙιίιῑοιίιιιιι
749 2884 775 2944 4,
788 2883 831 2934 34.
851 2882 886 2934 A.
907 2885 939 2934 111

139 2967 172 3021 C.
187 2967 280 3022 Livius
867 2971 893 3033 2,
906 2972 941 3023 36

140 3054 260 3108 hausta
272 3053 370 3108 mulier
382 3054 503 3108 venefica
574 3107 577 3118 „
666 3091 669 3097 -
734 3059 775 3120 12,
789 3059 831 3110 66.
854 3061 898 3120 13,
911 3058 943 3108 lli

144 3141 234 3196 tallia
254 3141 376 3196 Paullina
395 3142 501 3198 Claudii
521 3144 673 3214 coniugium
693 3131 781 3199 ambit
802 3147 844 3206 12,
864 3148 887 3196 1.
906 3142 940 3196 ad
