2062 3824
15 266 16 274 ι
106 235 175 306 116
300 259 347 306 nn
374 259 603 308 onsnoansvs
630 261 812 312 nisnoovs

14 407 16 448 l
98 413 182 486 polus
215 415 396 470 osnseuntes
424 413 543 472 nomine
558 421 655 482 voest,
679 419 711 474 et
730 415 825 490 digito
850 418 974 478 demon·

97 507 195 568 strati
231 512 374 568 Advense
406 529 518 586 quoque
558 513 714 586 peregrini,
748 515 809 572 inm
842 515 877 574 in
914 534 973 574 mo·

97 607 214 680 nioiuils
234 614 264 666 et
289 609 413 666 eoloniis
441 611 500 668 suis
527 612 650 678 auditos,
677 628 745 670 eom
773 613 901 686 primum
930 633 974 672 ur·

97 707 165 764 bern
177 706 350 782 adtigeront,
365 709 510 784 requirnnt
523 725 559 767 ao
576 712 672 768 voltus
686 727 847 785 ugnosoere
861 729 971 772 ooneu·

97 806 231 879 niteant·

67 909 86 967 8
139 905 242 962 Ausim
266 905 452 970 contendere,
475 903 649 964 Mareellmn
673 905 752 964 huno
776 907 911 981 Eprium,
933 910 971 967 de

96 1004 252 1078 quomodo
275 1005 387 1059 looutus
410 1019 484 1069 snm,
504 1008 534 1058 et
559 1003 695 1076 Crispum
715 1005 838 1064 Vibium
863 1003 972 1082 (liben-

95 1101 153 1158 tius
167 1101 245 1158 enim
260 1102 344 1158 novis
359 1110 387 1156 et
409 1102 583 1168 recentibus,
608 1119 694 1176 quam
718 1105 836 1164 remotis
861 1111 892 1162 et
920 1107 971 1163 ob·

94 1197 239 1264 litteratis,
266 1198 408 1270 exemplis
422 1196 499 1274 utor)
513 1217 571 1256 non
596 1201 691 1258 minus
705 1202 790 1260 noeoi
815 1202 847 1260 in
872 1208 970 1262 extre·

94 1298 150 1356 mis
165 1297 291 1369 partibus
305 1305 451 1364 termnum,
476 1313 562 1370 quam
584 1299 714 1372 Capuae,
738 1305 789 1356 aut
803 1301 968 1366 Vercellis,

94 1395 144 1452 nbi
156 1395 216 1452 noti
226 1394 369 1450 diduntur.
382 1411 436 1450 nee
446 1396 501 1450 hoo
511 1395 569 1452 illis
577 1399 680 1454 saltem
694 1405 738 1454 ter
746 1397 854 1454 millies
865 1405 970 1456 sester-

94 1493 167 1552 tium
181 1499 304 1566 omentat
319 1489 503 1568 (quamquam
517 1495 554 1551 nd
576 1494 627 1552 has
646 1495 724 1568 ipsas
746 1513 818 1569 opes
846 1503 969 1569 possunt

95 1592 189 1650 videri
213 1591 395 1666 eloquentiae
420 1592 562 1648 beneficio
585 1592 715 1669 venisse)
737 1594 801 1664 ipso
825 1597 965 1668 eloquen-

94 1689 154 1758 tin;
173 1691 255 1748 onius
277 1705 383 1746 numen
404 1695 432 1744 el
456 1690 592 1746 eoelestis
608 1691 653 1748 vis
667 1694 758 1750 multa
772 1693 892 1765 quidem
906 1711 967 1750 om·

94 1789 179 1848 nibus
201 1789 326 1846 saeculis
350 1790 485 1856 exempla
512 1787 614 1854 edidit,
642 1791 680 1864 agl
707 1795 845 1863 quantam
874 1809 965 1867 usque

93 1889 236 1946 fortunam
250 1888 381 1944 homines
403 1885 512 1958 ingenii
538 1886 645 1942 viribus
660 1887 858 1958 dervenenint.
902 1890 964 1947 Sed
1025 1899 1026 1903 ’

93 1987 178 2056 haee,
206 1993 236 2043 ut
262 2002 346 2056 supro
379 1984 451 2049 dixi,
485 1984 607 2056 proprio,
634 1993 664 2040 ei
690 2003 764 2059 quae
793 2004 854 2044 non
882 1987 964 2044 oudi-
1024 2045 1025 2049 ,

94 2091 126 2144 tu
161 2085 372 2158 eognoscenda‚
401 2083 452 2138 sed
486 2082 579 2138 oeulis
615 2085 776 2156 spectanda
796 2081 963 2142 'habemuse

94 2183 182 2249 Nam,
208 2199 265 2255 quo
290 2181 430 2236 sordidius
457 2185 487 2236 et
522 2180 664 2236 abiectius
692 2182 753 2238 nati
780 2188 858 2248 sunt,
891 2200 963 2256 quo·
1023 2187 1024 2195 ’

93 2299 149 2357 qne
176 2278 330 2336 notabilior
367 2285 518 2350 paupertas
545 2285 575 2336 et
602 2279 736 2351 angustis
773 2295 868 2336 rerum
896 2297 962 2338 uss·

92 2387 195 2437 eentes
208 2393 259 2434 eos
282 2377 555 2445 oiroumsteterunt3
590 2393 626 2432 eo
649 2377 782 2444 clariora,
807 2384 837 2434 et
860 2379 898 2434 od
912 2380 964 2438 de·
1021 2407 1022 2428 ι

92 2476 307 2536 monstrandam
332 2473 473 2530 oratoriae
509 2474 693 2548 eloquentiae
730 2475 888 2532 utilitatem
915 2477 961 2534 in·

91 2575 223 2634 lostnioro
247 2573 382 2644 exempla
413 2579 499 2638 sun.t;
520 2573 595 2645 quod
615 2573 678 2628 sine
700 2574 960 2632 commendatione
1020 2553 1021 2635 i

90 2676 240 2738 natalium,
267 2674 331 2728 sine
358 2671 518 2726 substantia
544 2669 722 2734 facultatum,
743 2680 845 2728 neuter
873 2673 960 2730 mori·

91 2775 142 2832 bus
156 2771 296 2846 egregios,
310 2773 382 2827 alter
410 2769 508 2826 habitu
531 2785 641 2841 quoque
661 2769 789 2840 eorporis
803 2777 957 2844 contemp-

92 2875 147 2936 tus,
175 2887 224 2944 per
247 2872 349 2926 multos
373 2869 431 2924 iam
452 2883 542 2923 sonos
568 2866 761 2938 potentissimi
782 2849 850 2922 sunt
883 2868 961 2924 eivi-
1017 2809 1019 2930 X

91 2971 169 3035 istis,
195 2985 240 3036 ae,
266 2971 361 3024 donee
389 2965 482 3029 libuit,
509 2963 654 3036 principes
681 2964 746 3032 lori,
772 2979 851 3022 nuno
880 2966 961 3040 prin·

120 3125 152 3172 Ea
160 3125 229 3182 digito
239 3119 430 3178 ermentruda
407 3119 430 3163 ln
432 3119 460 3164 de
471 3117 566 3172 Persius,
578 3117 595 3172 l,
606 3119 641 3164 28.

207 3203 238 3246 At
253 3197 373 3254 paterarum
383 3201 413 3241 est
422 3197 490 3254 digito
500 3195 626 3249 monstrosi,
637 3199 657 3241 et
666 3194 744 3252 dicier,
753 3195 788 3242 tte
798 3203 838 3242 est.

120 3279 165 3327 Eos
183 3274 381 3332 circumsteterunt}
414 3273 490 3318 Minus
509 3275 591 3320 latine
612 3272 754 3326 dictamni
773 3279 798 3320 et
817 3288 869 3322 mox
887 3274 962 3335 illud

90 3337 363 3393 autsmntiincmoseulttum
397 3331 455 3377 Em
489 3336 519 3378 At
535 3329 605 3378 cisto
600 3345 647 3390 ipse
663 3333 719 3377 Phil.
737 3331 766 3388 X,
785 3335 841 3379 lito
830 3333 962 3382 ominium

83 3399 164 3455 sotus
156 3397 293 3442 ι’νιιιιιιιιι.ιιι
303 3391 481 3449 etl’iimpaeg.
493 3393 544 3436 ι..3
575 3347 963 3453 Hoetmeeurqmdffeutm

87 3458 134 3503 sols
144 3455 276 3502 circumlui.
307 3449 367 3498 Vnde
375 3455 398 3496 et
412 3449 518 3509 supnnll.
529 3452 551 3507 l,
561 3451 596 3495 ⁷9.
660 3483 661 3494 ,
