2096 3840
84 233 137 302 20
280 251 332 302 'nn
357 243 515 304 noaravs
543 250 756 302 cnanaumn

88 410 137 467 vel
163 411 253 482 paler,
284 411 333 465 vel
366 408 551 482 propinquus,
581 413 665 464 acuto
683 407 848 480 frameaque
876 406 959 478 iuve-

82 524 154 564 -uem
175 512 288 565 ornant.
308 509 382 564 haec
396 509 471 580 apud
485 507 551 564 illos
567 513 643 582 toga,
664 506 713 562 hic
734 506 841 578 primus
855 505 961 563 iuven·

89 585 275 666 tae'honos:
304 611 373 664 ante
406 606 462 663 hoc
486 605 587 662 domus
612 623 677 680 pars
708 605 854 672 videntur,
888 622 960 662 mox

89 705 291 778 Reipublicae.
333 703 461 779 insignis
480 703 626 770 nobilitas,
648 711 696 760 ant
717 721 822 778 magna
844 711 960 775 patrum

90 805 202 870 merita,
222 803 368 876 Principis
395 803 594 878 dignationem
615 803 703 860 etiam
732 803 961 860 adolescentulis

88 904 261 976 adsignant:
282 901 387 960 ceteris
401 899 607 959 robustioribus
627 920 662 958 ac
684 902 742 958 iam
769 902 879 974 pridem
895 918 961 972 pro·

89 1001 166 1058 hatis
180 1003 380 1076 adgregantur.
401 1018 456 1058 nec
472 1003 564 1066 rubor,
594 1000 670 1058 inter
693 999 814 1056 Comites
835 1000 962 1072 adspici.

92 1099 206 1158 Gradus
220 1101 288 1175 quin
304 1100 392 1158 etiam
414 1105 444 1156 et
468 1099 531 1172 ipse
555 1099 709 1156 comitatus
730 1101 826 1165 hahet,
847 1098 961 1158 iudicio

87 1197 163 1264 eius,
184 1217 268 1272 quern
290 1207 460 1256 sectantur:
482 1216 643 1272 magnaque
657 1207 686 1254 et
701 1197 839 1258 comitum
863 1215 963 1255 aemu-

90 1297 172 1364 latio,
192 1297 294 1371 quihus
322 1298 427 1370 primus
448 1299 522 1370 apud
556 1297 722 1368 Principem
747 1314 829 1354 suum
858 1299 962 1354 locus:

91 1401 121 1453 ct
151 1395 326 1468 Principum,
363 1397 410 1454 cui
446 1397 559 1470 plurimi
596 1403 626 1454 et
653 1395 786 1454 acerrimi
825 1395 962 1453 comites.

83 1493 176 1552 'Haec
190 1493 325 1567 dignitas,
347 1495 402 1552 hae
426 1495 517 1562 vires,
538 1514 644 1570 magno
662 1513 778 1567 semper
797 1496 961 1559 electorum

91 1592 230 1650 iuvenum
255 1595 341 1667 glcho
359 1595 541 1660 circumdari,
562 1594 591 1652 in
609 1611 681 1668 pace
709 1595 808 1657 decue,
823 1592 853 1650 in
880 1594 964 1652 bello

92 1693 275 1764 praesidium.
319 1693 384 1748 Nec
404 1697 497 1750 solum
517 1693 547 1750 in
572 1710 623 1751 sua
647 1699 735 1768 gente
762 1694 875 1766 cuique,
903 1693 960 1749 sed

92 1792 167 1862 apud
182 1791 319 1848 finitimas
341 1811 452 1866 quoque
466 1795 605 1856 civitates
624 1794 652 1849 id
679 1812 795 1860 nomen,
815 1811 849 1852 ea
870 1791 967 1868 gloria

92 1895 146 1956 est,
180 1890 203 1946 ai
231 1908 350 1947 numero
375 1909 409 1948 ac
439 1891 546 1948 uirtute¹
575 1893 730 1950 comitatus
757 1893 893 1950 emineat.
914 1909 969 1950 ex·

94 1996 231 2062 petuntur
264 1990 342 2046 enim
365 1990 569 2064 legationibus,
596 1997 626 2047 et
665 1992 830 2048 muneribus
857 2007 967 2049 ornan·

95 2091 148 2174 tur,
167 2087 277 2160 etipsa
299 2092 466 2162 plerumque
487 2089 561 2148 lama
583 2091 659 2147 bella
685 2089 846 2165 profligant.

121 2240 230 2288 Juucaem
242 2242 332 2312 madal]
370 2242 434 2290 Haec
458 2241 572 2305 uquam·
588 2243 721 2300 nobilitatis,
740 2243 965 2302 Cdimlrmvoruu

83 2305 216 2348 'nostrorum
236 2315 342 2347 memorre
363 2302 551 2348 celebratissimae
571 2302 641 2348 initia.
674 2302 725 2348 Filii
749 2318 822 2360 regum
843 2318 856 2348 a
876 2302 969 2361 regibua

92 2359 174 2405 exteris
192 2359 384 2420 arma'accepirse
403 2361 513 2408 videntur.
562 2361 616 2408 lude
634 2365 684 2407 cuin
708 2361 804 2418 Audoin,
823 2361 966 2422 (lepidorum

93 2417 195 2472 victuma
214 2418 366 2476 langobardia
384 2419 521 2476 incitaretur,
532 2425 557 2466 ut
576 2434 624 2465 cum
636 2420 682 2465 tilio
696 2434 737 2466 suo
754 2419 843 2475 Alboiu,
853 2420 965 2467 victoriae

93 2475 210 2538 participe,
221 2479 348 2537 pranderet,
366 2477 389 2523 id
407 2480 511 2537 negavit:
528 2479 588 2524 scitis
601 2478 669 2534 enim,
680 2479 762 2538 inquit.
780 2493 826 2526 aaa
845 2493 887 2526 cras
901 2480 967 2536 apud

92 2537 327 2587 aosmaaustudinem,
340 2537 514 2595 diregiafilr'ns
532 2552 583 2583 cnm
600 2543 663 2594 patra
680 2537 851 2595 prendenda&
867 2538 933 2596 prins
949 2553 966 2584 ι

52 2612 54 2618 ’
91 2595 390 2700 Ξῇμπιείὲἑωῑεταιανωα
400 2598 513 2654 accipiat.
545 2595 965 2656 Warnclridus,dsGestirlaosrgodcr·

151 2669 180 2708 m,
204 2690 207 2696 .
250 2687 255 2699 .

114 2713 147 2759 Ut
157 2713 219 2770 Toga
229 2715 345 2759 Romanae
352 2713 459 2771 juventae
469 2714 551 2774 primus
562 2713 639 2769 honos,
649 2713 680 2758 sic
691 2719 775 2761 scutum
784 2714 911 2773 lumenque
918 2713 967 2782 pri-

93 2787 130 2819 ma
140 2773 287 2819 Germanicae
293 2771 417 2829 juventutis
428 2773 514 2818 decora.
547 2772 612 2823 Quae
618 2773 712 2818 assecuti
720 2773 824 2818 videntur
830 2771 966 2820 duodecimo

92 2839 132 2878 aut
149 2831 314 2892 quintodecimo
330 2832 410 2878 aetatis
428 2845 493 2877 anno.
526 2831 619 2878 Interim
637 2832 704 2877 nullia
721 2831 858 2878 educationis
876 2831 966 2879 deliciis

91 2891 164 2946 tracti,
177 2898 201 2936 nt
211 2890 334 2936 virlebirnus
344 2891 400 2936 intra
409 2905 457 2951 cap.
469 2892 505 2937 20.
524 2890 554 2934 ad
566 2889 669 2936 bellicam
679 2890 785 2937 virtutem
795 2890 965 2949 adolescebant,

93 2950 293 3012 saquecivitatibus
301 2949 462 3010 approbabant.

121 3029 186 3075 later
205 3021 307 3090 Comites]
338 3027 438 3073 Comites
457 3026 515 3077 illos.
537 3025 696 3086 compagnons,
716 3032 778 3074 recte
797 3025 965 3075 saniculae

93 3087 268 3148 Montesquieu3
289 3094 312 3132 et
328 3088 356 3131 ad
375 3087 437 3141 htrjus
452 3085 502 3130 aevi
517 3101 589 3132 mores
605 3102 616 3130 a
635 3087 712 3146 posite,
745 3086 862 3134 Germania
877 3086 962 3144 Gaselt,

94 3161 226 3202 compugnare
240 3147 342 3190 d’crmes.
373 3145 448 3190 Tanta
469 3158 523 3189 vero
541 3145 599 3206 apud
614 3103 737 3192 (Erermauoa
752 3145 841 3191 illomm
852 3145 960 3192 comitum

92 3206 133 3252 luit
144 3205 286 3257 existimatio,
303 3211 326 3248 ut
337 3203 354 3247 si
365 3202 517 3248 occiderentur
532 3204 710 3260 laederenturve,
726 3205 795 3266 triplo
804 3203 883 3262 major,
893 3219 961 3266 quant

92 3279 136 3326 pro
145 3263 225 3309 cetaria
235 3261 334 3319 ingenuis
344 3261 469 3306 hominibus
478 3262 584 3307 solvenda
594 3270 653 3308 esset
661 3263 798 3324 compositio.
883 3290 884 3293 =

122 3341 185 3388 Haec
199 3339 304 3396 dignitus,
322 3339 362 3384 lma
381 3339 447 3396 circa]
479 3339 544 3386 Hunc
560 3341 632 3387 locum
651 3347 762 3403 caputque
782 3357 806 3388 se
822 3355 875 3388 uem
890 3342 961 3390 terme

94 3402 203 3458 integrum
220 3401 277 3444 mira
296 3397 406 3442 brevitate
424 3403 448 3442 ct
467 3399 578 3456 elegantia
598 3400 665 3446 vertit
685 3399 720 3446 ΕΙ.
742 3401 771 3446 de
819 3401 961 3460 ontesquieu‚

95 3459 173 3516 Eaprr't
182 3458 218 3504 des
229 3456 294 3510 laic,
306 3455 380 3502 XXX.
392 3459 412 3500 3.
445 3456 528 3502 lllustri
537 3459 640 3519 exemplo
647 3457 757 3507 Gallicam
766 3459 865 3519 linguans
874 3459 964 3508 latim

95 3516 286 3576 Comeliauaeque
297 3514 401 3561 brevitati
411 3529 454 3561 nou
464 3529 511 3564 ease
520 3517 636 3578 imparem.
