2096 3840
408 225 488 272 oar.
520 204 574 272 18.
606 204 660 272 19.
927 207 975 274 25

105 383 137 437 et
154 377 323 452 propinqui,
349 395 386 436 nc
411 395 532 436 munera
548 381 678 452 probunt.
708 397 827 438 munera
855 397 914 442 nou
941 383 979 439 ad

102 478 225 535 deliciae
247 478 404 536 muliebres
425 479 565 553 quaesita,
594 497 650 536 nec
664 480 768 554 qulbus
794 497 872 537 nova
889 488 980 554 nupta

106 584 257 646 comatum
277 579 331 634 ssd
361 579 452 635 boves
467 585 497 635 et
527 579 670 638 frenatum
685 597 789 654 equum
813 588 843 636 et
857 587 979 646 acutum,

106 693 171 736 cum
190 678 302 734 tramea
316 677 481 751 gladioque.
526 679 560 735 ln
586 680 660 736 haec
688 697 807 736 munera
832 697 906 736 uxor
933 697 980 736 ac·

107 776 221 848 cipitur.
252 784 340 850 atque
367 777 498 834 invicem
525 777 588 850 ipsu
617 795 759 836 armorum
785 777 895 852 aliquid
917 778 981 835 viro

107 875 206 932 adfert.
227 876 285 931 hoc
301 875 462 932 maximum
484 876 642 942 vinculum,
658 878 731 933 haec
755 893 863 934 arcuna
889 893 982 946 sacra,

108 974 159 1031 hoa
179 975 355 1048 coniugales
372 975 451 1031 Deos
466 976 648 1032 arbitrantur.
668 1029 673 1040 ,
692 977 738 1032 Νε
753 993 784 1031 as
812 976 914 1032 muller
932 994 983 1034 ex·

107 1079 150 1130 tra
179 1073 323 1133 virtutum
337 1074 533 1148 cogitationes
561 1083 701 1148 extraque
730 1076 869 1132 bellorum
897 1091 982 1130 castra

109 1178 199 1245 putet,
220 1173 294 1244 ipsis
319 1171 491 1244 incipientia
518 1173 693 1230 matrimonii
723 1159 859 1244 aruspiciis
887 1175 983 1230 admo·

107 1279 202 1338 uetur,
232 1270 336 1328 venire
360 1289 392 1328 ss
430 1273 557 1328 laborum
584 1273 831 1347 periculorumque
862 1277 983 1341 sociam,

107 1370 185 1428 idem
199 1371 233 1428 in
250 1387 333 1444 pace,
344 1371 421 1427 idem
435 1372 465 1427 in
492 1371 601 1444 proelio
616 1389 760 1445 passuram
783 1391 983 1448 ausuramque.

108 1471 163 1527 hoc
184 1471 283 1526 iuncti
309 1471 409 1537 boves,
430 1472 485 1526 hoc
508 1476 623 1543 paratur
637 1489 735 1544 equus,
750 1473 806 1530 boc
820 1475 888 1529 data
903 1489 984 1528 arma

109 1570 295 1627 denuntiant·
339 1569 391 1627 Sic
421 1570 589 1636 vivendum,
622 1570 665 1627 sic
690 1574 885 1642 [tersundnmr
906 1571 984 1627 acci·

109 1687 175 1742 pere
207 1687 251 1734 sc,
285 1686 359 1742 quae
388 1668 485 1726 liberis
522 1668 664 1726 inviolata
689 1688 724 1726 ac
752 1673 840 1743 digne
870 1672 983 1736 reddat,

110 1787 181 1845 quae
204 1787 291 1826 nurus
306 1766 465 1840 accipiant,
490 1785 639 1842 rursusque
654 1769 690 1824 ad
707 1775 827 1842 nepotes
849 1771 982 1826 reserant.

149 1870 231 1941 Ergo
238 1874 342 1940 septae
354 1867 494 1939 pudicitia
510 1873 609 1942 agunt,
637 1868 725 1924 nullis
753 1871 983 1939 spectaculorum
998 1879 1027 1940 lt

109 1968 281 2032 inlecebris,
302 1965 389 2024 nullis
400 1965 603 2024 conviviorum
618 1965 834 2024 imitationibus
859 1953 982 2041 conrup-

110 2073 166 2126 tae.
224 2066 400 2124 Litterarum
431 2071 544 2122 secreta
571 2065 628 2122 viri
658 2065 764 2138 pariter
790 2083 826 2123 uc
854 2067 981 2124 lemicae

112 2167 258 2241 ignorant.
300 2163 480 2222 Paucissima
494 2163 525 2220 in
541 2169 599 2220 tam
622 2151 773 2221 numerosa
786 2171 875 2238 gente
904 2168 983 2222 udul-

112 2267 202 2333 teria3
223 2272 359 2338 quorum.
372 2279 466 2334 poena
485 2279 631 2335 praesens,
655 2269 685 2319 et
700 2263 810 2320 maritis
832 2265 981 2336 permissa.

112 2365 231 2424 Accisle
254 2363 393 2429 crinibus,
413 2362 559 2428 nudatam,
573 2379 671 2418 coram
694 2362 869 2436 propinquis,
884 2365 983 2434 expel-

111 2464 145 2522 lit
159 2466 247 2521 domo
261 2445 391 2526 maritus,
412 2477 447 2516 ac
464 2477 514 2530 ρει·
527 2461 758 2517 omnemvicum
778 2463 897 2516 verbere
913 2459 982 2534 ugit.

113 2563 280 2638 publicatae
294 2559 373 2618 enim
399 2559 558 2632 pudicitiae
572 2557 652 2615 nulla
681 2559 779 2616 venia.
800 2578 858 2616 non
883 2560 981 2628 torma,

113 2683 169 2722 non
196 2667 304 2728 aetate,
325 2675 384 2716 non
410 2657 512 2734 opibus
527 2659 661 2716 maritum
687 2659 842 2716 invenerit.
885 2661 982 2717 Nemo

112 2763 191 2819 euim
204 2759 268 2818 illic
281 2757 354 2814 vilia
368 2757 442 2813 ridet
455 2775 464 2824 ς
486 2775 551 2825 ιιεε,
564 2774 756 2830 conrumpere
768 2763 798 2814 et
818 2757 982 2844 corrumpi,

112 2919 172 2972 dote.
190 2917 294 2972 Dmnrp;
308 2913 416 2972 iliumque
432 2911 546 2958 illustrant
560 2916 649 2958 veteres
666 2909 794 2968 Famulae,
809 2925 867 2972 qnae
884 2911 981 2974 scriptae

111 2983 168 3030 runt.
177 2993 227 3023 curn
237 2989 291 3035 opes
301 2971 471 3032 humanitasque
480 2969 606 3018 crevissent.
839 2983 841 2991 ·

139 3052 370 3112 Litnnrumrccrctu]
403 3051 491 3097 Literna
500 3050 588 3112 quidem
607 3055 723 3103 noverant,
742 3053 767 3094 ut
781 3052 844 3110 patet
859 3063 886 3096 ex
901 3049 980 3096 Mam·

111 3115 177 3162 bodui
188 3124 211 3162 et
226 3111 384 3168 Adgandestrii
395 3109 503 3170 epistolis,
523 3109 603 3156 lunai.
615 3109 644 3156 ll.
655 3111 684 3154 63
694 3115 718 3153 et
727 3109 762 3154 68,
796 3110 827 3154 At
837 3110 945 3155 amatoria
956 3111 980 3154 et

110 3175 192 3221 furtiva
201 3173 320 3220 literarum
334 3175 420 3216 secreta
435 3169 475 3214 viri
490 3168 574 3229 pariter
591 3183 617 3214 ae
633 3166 727 3212 feminae
742 3166 881 3222 ignorabant.
914 3171 980 3214 l'rae-

111 3239 173 3280 terea
196 3231 321 3280 rarissimus
342 3229 385 3274 luit
409 3229 523 3273 literarum
548 3241 597 3272 usus
622 3225 681 3285 apud
706 3225 783 3270 rudem
807 3223 980 3292 bqillcosnmqu'e

111 3301 206 3352 gentem.
241 3291 276 3338 aa
296 3288 408 3334 rusticitas
431 3286 469 3331 diu
488 3285 592 3331 obtinuit.
626 3283 687 3335 inde,
712 3289 737 3326 ut
762 3279 878 3346 pnnslrbuu
901 3289 981 3346 nostru

112 3357 259 3412 compertum.
275 3362 319 3394 uon
338 3346 406 3391 modo
421 3344 491 3404 plebs,
506 3343 545 3390 aed
560 3347 583 3386 et
599 3339 685 3384 nobiles
696 3339 745 3386 viri.
760 3343 784 3404 et
802 3335 893 3401 rnrirtari
909 3339 982 3401 gloria

112 3405 306 3472 praestantissimi,
324 3411 350 3450 ut
370 3401 530 3449 illustrissimae
549 3399 581 3444 du
598 3397 713 3450 Gaudia,
732 3394 816 3450 altique
830 3389 928 3448 plunnn,
941 3399 982 3432 nec

111 3469 217 3526 scribere,
227 3481 257 3514 ne
268 3468 346 3524 legere
354 3461 445 3524 quidem
456 3462 571 3506 noverant.

149 3567 223 3611 von.
245 3565 293 3604 ιιι.
573 3535 592 3584 3
980 3623 1027 3758 4
