2096 3840
61 193 109 258 30
259 215 306 262 nn
327 215 484 262 monravs
509 215 724 264 annuamus:

7 397 8 408 κ
60 371 164 433 astuta,
185 385 241 426 nec
274 369 391 436 callida,
412 368 504 442 aperit
539 370 636 426 adbuc
661 373 775 428 secreta
801 371 934 443 pectoris

59 467 179 523 licentia
194 467 265 540 joci.
307 469 386 541 Ergo
399 467 517 525 detecta
541 475 571 525 et
590 469 668 526 nuda
690 469 821 526 omnium
846 488 934 527 mens

60 573 174 638 postera
194 567 242 623 die
263 572 442 634 retractatur,
462 574 492 623 et
521 570 605 624 salva
625 567 772 643 utriusque
793 570 936 642 temporis

60 665 134 721 ratio
152 672 205 722 est.
261 667 442 732 Deliberant,
463 667 530 724 dum
551 668 661 740 tingere
683 668 839 728 nesciunt:
862 685 935 726 oon-

61 763 192 831 stimant,
213 766 280 822 darm
296 781 390 820 errare
410 781 468 821 non
484 771 612 838 possunt.

7 869 51 930 23
95 863 180 920 Potui
200 865 301 920 humor
318 881 357 920 ea
372 865 480 920 hordeo
500 871 549 920 aut
562 863 715 930 frumento,
729 865 761 921 in
782 867 932 940 quandam

63 962 284 1019 similitudinem
323 962 385 1019 vini
409 969 573 1036 conruptus.
634 963 766 1020 Proximi
799 964 880 1037 ripae
902 971 935 1022 et

62 1061 163 1117 vinum
186 1067 358 1118 mercantur.
409 1062 477 1120 Cibi
500 1061 668 1133 simplices:
689 1063 814 1136 agrestia
836 1081 934 1136 poma,

62 1177 164 1216 recens
188 1160 256 1224 tera,
275 1166 322 1216 aut
339 1163 384 1216 lac
398 1167 575 1216 concretum.
612 1161 691 1217 Sino
704 1162 851 1234 adparatu.
866 1165 933 1220 sine

60 1259 276 1325 blandimentis,
310 1255 462 1329 expellunt
486 1259 600 1316 tamem.
659 1261 809 1316 Adversus
848 1263 931 1318 sitim

61 1375 121 1414 non
155 1359 256 1413 eadem
283 1357 482 1430 temperantia.
536 1358 570 1414 Si
601 1357 757 1414 indulseris
784 1359 933 1429 ebrietati,

92 1511 124 1556 Et
132 1513 192 1558 sulec
202 1511 317 1570 utriusque
328 1511 428 1566 temporis
437 1511 494 1556 ratio
505 1511 542 1572 est]
576 1511 625 1569 Ego
633 1512 713 1570 scribo,
726 1517 747 1558 et
761 1527 800 1559 suu
811 1515 931 1574 utriusque

62 1571 168 1624 temporis.
203 1573 348 1630 interpretor:
366 1570 472 1616 Germani
487 1570 509 1614 in
526 1570 632 1616 conviviis
641 1577 664 1616 et
680 1571 882 1632 compotationibus
892 1575 932 1619 de·

61 1628 157 1674 liberant
167 1629 255 1689 quidem
272 1629 400 1688 agitantque
415 1644 449 1676 res
464 1643 556 1685 graves:
573 1630 610 1686 aed
626 1631 715 1676 easdem
730 1631 796 1676 sobrii
808 1637 933 1691 recoquunt

62 1689 224 1732 et'rrtrartanl
248 1687 335 1747 utrique
350 1687 380 1732 rei
395 1703 434 1733 sua
449 1688 559 1748 quaedam
575 1688 683 1734 ratioest.
716 1689 838 1736 Rationem
854 1698 931 1736 alitem

62 1747 133 1802 addit,
151 1748 281 1801 deliberant,
299 1747 354 1792 dum
365 1745 458 1804 fingere
475 1747 593 1794 nesciunt.-
618 1749 762 1802 mustituuut,
783 1749 839 1796 dum
851 1764 933 1797 errurs

62 1819 108 1851 rwn
120 1811 216 1861 possunt.
251 1807 283 1852 Ex
298 1820 342 1866 qno
356 1807 469 1859 discimus
485 1805 608 1852 Germanos
627 1806 649 1851 in
665 1807 761 1852 convivii
778 1807 818 1852 iba
836 1808 932 1854 licentia

62 1867 203 1924 proposuisse
213 1867 300 1924 quidem
313 1865 383 1911 seria:
400 1867 438 1911 sed
453 1865 531 1911 eadem
546 1865 680 1912 conclusione
693 1871 718 1912 et
733 1865 812 1922 finisse,
829 1881 873 1912 non
888 1867 933 1914 nisi

62 1924 183 1970 matutinos
194 1932 216 1969 et
227 1925 301 1971 serios.
334 1925 395 1982 bips.

93 2003 162 2049 Potui
171 2004 259 2064 humor]
293 2005 371 2049 Potum
382 2003 443 2048 illurn
454 2002 598 2054 cerevisiam,
616 2003 680 2058 Beer,
696 2017 806 2050 vocamus.
840 2003 877 2050 De
887 2018 934 2064 qno

63 2061 147 2107 Plinius
157 2063 221 2108 XIV.
233 2067 268 2108 22.
300 2061 343 2108 Est
356 2065 376 2106 el
391 2062 516 2107 Occidentis
531 2062 618 2116 pupulis
632 2077 672 2107 sun
688 2063 780 2108 ebriebrr
791 2063 867 2120 fruge
885 2077 934 2108 mu-

63 2121 166 2166 dida-A
170 2126 259 2178 egyptus
273 2135 354 2180 quoque
365 2121 457 2177 esruge
471 2121 513 2166 sibi
527 2124 589 2176 pctus
601 2121 683 2166 similes
693 2122 837 2178 eurogituuil:
853 2123 933 2168 nullu·

63 2193 103 2237 que
113 2181 139 2226 iu
152 2184 213 2235 purte
221 2180 303 2226 usundi
312 2184 377 2225 cessat
386 2179 489 2225 ebrietas:
506 2193 574 2224 merua
613 2179 660 2234 ipps
669 2180 781 2226 hauriunt
796 2182 848 2225 tales
858 2195 933 2227 succos

63 2253 103 2284 nec
121 2239 235 2290 diluendo.
255 2243 281 2286 ut
299 2239 352 2284 uina
371 2238 482 2294 mitigant.
514 2241 545 2284 Ar
591 2242 676 2284 mentes
695 2239 745 2286 illie
764 2240 832 2286 tellus
843 2240 933 2297 fruges

60 2312 140 2353 purete
152 2298 273 2342 uidebatur.
304 2297 366 2351 Heu,
378 2297 435 2341 mira
451 2296 556 2342 ciliorum
573 2297 678 2344 solertiu!
691 2296 808 2344 incuratum
818 2303 847 2344 est
856 2313 933 2358 quem·

63 2357 181 2403 admodum
191 2371 246 2415 cqun
256 2369 338 2415 quoque
347 2355 474 2402 intuerer.

93 2437 140 2484 luc
155 2437 287 2496 concretum]
319 2435 385 2486 Quod
401 2450 430 2480 ne
446 2434 542 2496 accipias
557 2433 586 2480 de
604 2448 678 2488 cnseo.
693 2433 747 2480 licet
761 2439 854 2480 auctore
868 2435 935 2482 Julio

64 2496 169 2549 Caesare,
181 2495 230 2540 Bell
248 2494 309 2540 Gall.
321 2494 362 2540 VI.
373 2497 407 2540 22,
420 2494 492 2550 mmor
500 2508 552 2550 pnrs
561 2493 631 2539 ciclus
641 2507 716 2540 sorum
726 2495 787 2548 lecte,
804 2499 824 2538 el
833 2509 901 2550 rusco,
912 2501 935 2541 st

65 2570 131 2601 carne
148 2553 250 2598 consistit.
283 2553 430 2622 Pliniusqni
449 2551 609 2598 Gernranorum
629 2566 701 2596 mores
720 2553 808 2612 penitus
827 2560 932 2611 noverat,

64 2613 195 2660 accuratior.
228 2612 324 2667 Mirum,
348 2614 425 2671 inquit,
451 2611 555 2656 burburus
577 2615 659 2668 gentes,
682 2625 738 2668 quue
762 2613 820 2656 lurle
842 2613 932 2669 mount,
961 2647 964 2652 .

64 2674 170 2731 ignorare
179 2677 219 2716 nul
227 2686 327 2726 spernere
336 2675 365 2715 tot
374 2671 467 2716 succulis
481 2670 537 2714 cnaei
551 2669 627 2724 dqtcm,
637 2670 752 2716 densantes
761 2669 786 2716 id
795 2670 895 2728 alioquin
904 2671 934 2719 in

64 2747 149 2778 orarem
155 2731 285 2788 jucundum
296 2735 316 2774 et
329 2729 412 2786 pingue
422 2731 528 2786 butyrum
538 2749 544 2771 :
560 2742 636 2783 spurnn
646 2729 671 2773 ld
681 2733 711 2774 est
721 2729 790 2783 luctis,
801 2731 932 2776 concretior·

64 2806 112 2850 que.
123 2805 188 2849 quum
197 2790 254 2848 quod
262 2804 344 2843 serum,
360 2789 382 2834 le
391 2789 448 2848 petit
463 2787 510 2836 tait.
526 2791 624 2833 oocutur.
655 2786 709 2832 Non
717 2788 863 2834 omittendum
872 2789 898 2834 in
908 2804 933 2835 eo

64 2850 107 2895 clei
117 2851 162 2895 nim
178 2863 226 2902 esse,
238 2853 258 2892 el
273 2847 375 2892 burburus
388 2861 461 2893 omnes
476 2847 614 2904 infantesque
629 2851 712 2892 nostrus
726 2847 758 2890 a'tn
773 2845 838 2904 uugi.
871 2847 931 2894 Ptin.

64 2909 106 2955 XI.
117 2912 152 2955 41.
185 2909 231 2954 Lac
240 2921 293 2962 erqo
302 2913 436 2962 concretam,
452 2907 481 2952 de
495 2919 539 2966 quo
554 2903 655 2963 Tacitus,
671 2905 775 2962 butyrum
785 2912 826 2962 est,
837 2905 933 2952 Germa·

64 2983 141 3014 norum
157 2967 220 3013 cibus
233 2971 257 3011 et
272 2971 412 3023 unquentum.

92 3047 147 3093 Siue
165 3049 280 3103 apparatu,
305 3043 353 3089 sine
378 3043 542 3103 blandimentis]
574 3043 659 3090 Contra
683 3043 771 3090 Rornae
795 3048 859 3090 tanta
881 3050 933 3092 erat

63 3106 182 3166 populatio
192 3117 284 3155 morum,
296 3107 360 3147 tanta
375 3103 468 3156 lrrxnria,
485 3109 509 3149 ut
525 3117 601 3162 parum
612 3109 670 3148 esset
680 3103 702 3148 in
712 3105 775 3160 gulas
784 3105 848 3150 condi
859 3105 932 3151 marin

63 3172 186 3222 terrasque,
197 3163 239 3209 nisi
249 3175 307 3207 novn
323 3161 344 3206 in
355 3161 402 3207 dies
412 3162 591 3218 excogitarentur
606 3163 672 3219 gulae
681 3161 828 3208 irritamenta.
860 3163 935 3222 Coqua¹

64 3224 227 3279 triumphorum
249 3221 328 3276 pretiis
349 3221 492 3280 parabantur.
524 3220 653 3278 Nullusque
676 3236 741 3278 prope
760 3222 810 3279 jam
830 3224 933 3268 martulis

63 3283 193 3387 cestlmnltKnr
205 3279 287 3336 pluris,
302 3293 368 3338 quom
377 3280 417 3340 qui
429 3279 562 3337 peritissime
572 3293 661 3325 censum
670 3279 755 3326 domini
764 3285 853 3338 merget.
885 3282 934 3328 ru·

63 3341 145 3388 uiuat
172 3343 224 3386 .i7.

18 3441 21 3446 ·
92 3419 118 3465 st
127 3416 250 3465 indulseris
270 3415 379 3476 ebrietati]
410 3417 496 3464 Vitium
519 3415 574 3461 illud
592 3414 737 3462 barbaronun
754 3416 852 3463 omnium
872 3432 934 3464 cous-

63 3491 137 3536 mnm,
148 3477 207 3541 quod
228 3489 300 3539 neque
317 3473 413 3523 eruentis
432 3475 544 3533 caedibus,
562 3487 634 3537 neque
652 3474 761 3523 mortibus
776 3477 938 3538 praeproperis
