2062 3824
481 195 559 286 cll.
588 221 643 286 ru.
862 154 970 310 ,rui

1 413 2 450 t
95 389 225 450 surrexit
238 389 404 461 universus,
417 393 449 450 et
457 391 531 450 torte
541 396 723 467 praesentem
731 397 971 472 spectantemque

97 491 263 567 Virgilium
277 495 434 550 veneratus
455 496 509 558 est,
533 492 586 560 sio,
600 492 680 567 qnnsi
707 493 879 568 Augustum.
920 495 971 553 Ne

96 590 206 649 nostris
240 590 358 664 quidem
393 589 579 664 temporibus,
613 591 765 650 Secundus
792 591 970 668 l’onrpoulus

1 761 2 770 χ
99 689 175 750 Atro
195 689 331 747 Domitio
347 689 395 746 vel
421 689 565 764 dignitate
589 689 678 758 vitoe,
703 691 752 748 vel
776 691 970 765 perpetuitate

98 788 353 868 lqmee,oeseerit.
394 788 473 846 Nem
488 789 608 864 Crispus
622 793 652 846 et
667 789 833 860 ltlnroeltus,
847 791 884 847 ed
902 807 971 865 quo·

1 893 2 930 ἓ
99 886 313 962 rumenelnple
332 903 378 944 nse
393 887 579 962 vooeuquid
601 888 711 946 bebent
723 888 755 945 in
776 889 832 946 bse
845 905 897 946 sess
918 889 972 946 lor·

98 994 169 1048 tuns
182 983 477 1060 eononpi'eeenduml
496 987 572 1061 qnod
584 983 713 1044 timent?
732 988 856 1062 udquod
869 988 973 1045 timen-

99 1085 168 1146 tur?
188 1086 277 1162 quod,
291 1101 358 1143 oum
371 1084 501 1161 quotidie
519 1085 630 1160 aliquid
651 1091 795 1160 rogentur,
810 1086 850 1154 bl,
869 1087 971 1165 quibus

98 1191 260 1261 praestent,
284 1181 497 1258 indignentur?
513 1184 605 1270 ‚quod
638 1183 759 1259 adligati
794 1183 971 1253 udolutlone,
1003 1231 1012 1239 .

97 1303 152 1345 neo
169 1282 390 1358 imperantibus
410 1297 544 1357 umquem
558 1281 629 1364 setis
646 1284 726 1340 servi
747 1283 894 1352 videntur,
906 1302 971 1355 xnee

97 1385 182 1445 nobis
196 1377 271 1440 seti's
285 1379 390 1439 liberii
412 1381 495 1454 Quee
504 1381 590 1460 ⁸bsee
604 1397 715 1440 summe
726 1397 824 1441 eorum
839 1383 972 1455 potentie

98 1481 167 1543 est?
187 1487 303 1540 tentum
317 1497 401 1555 posse
413 1479 512 1538 liberti
523 1482 628 1538 solent.
670 1480 722 1539 Me
734 1497 805 1539 vero
818 1479 919 1550 matoes,
940 1486 972 1538 ut

97 1581 244 1658 Virgilius
258 1579 310 1648 eit,
334 1579 446 1648 Musae,
469 1585 611 1638 remotum
633 1595 651 1636 s
674 1579 919 1638 sollicitudinibus
940 1585 971 1638 et

98 1682 186 1750 euris,
199 1685 233 1738 et
245 1677 422 1737 nenessitute
442 1677 571 1754 quotidie
586 1677 695 1754 aliquid
719 1684 820 1736 oontrn
842 1675 972 1736 animum

101 1779 239 1847 lueiendi,
261 1778 300 1846 is.
317 1778 368 1836 llte
389 1795 481 1845 suere,
508 1778 632 1852 illosque
659 1777 755 1835 tontes
782 1779 893 1835 lerunt:
914 1793 971 1835 neo

101 1879 236 1938 insenum
249 1879 324 1936 ultre
337 1883 368 1935 et
381 1875 524 1936 lubrloum
535 1877 624 1934 lorum
636 1871 799 1950 famemque
814 1877 972 1949 pellentem

102 1979 230 2052 trepidus
244 1976 388 2050 experiar.
410 1994 469 2034 non
483 1973 674 2032 melrernitus
695 1973 891 2040 salutantium,
914 1991 970 2032 neo

102 2080 246 2136 subelnns
261 2077 380 2134 libertus
393 2076 524 2134 excitet:
545 2091 611 2141 nee,
625 2075 753 2132 incertus
767 2075 862 2142 loturi,
885 2081 970 2132 teste·

102 2183 232 2235 mentum
259 2193 311 2249 pro
331 2176 453 2250 pignore
480 2175 627 2233 eoolbem:
668 2191 725 2232 neo
747 2177 810 2246 plue
836 2175 968 2241 habeam,

102 2293 186 2351 quum
211 2276 287 2352 quod
314 2275 432 2349 possim,
458 2273 507 2331 eui
532 2273 631 2340 velim,
657 2273 828 2348 relinquere,
842 2275 970 2348 quondo·

103 2391 224 2451 eumque
245 2373 341 2431 tutelis
365 2379 395 2430 et
417 2389 498 2431 meus
524 2373 588 2428 dies
611 2371 722 2429 veniet.
743 2377 907 2447 statuarque
928 2380 970 2430 tu·

102 2477 180 2532 mulo
205 2489 264 2532 non
279 2478 406 2530 moestus
434 2475 464 2530 et
491 2475 584 2538 atrox,
604 2473 655 2528 sed
670 2471 769 2528 biteris
797 2477 827 2530 et
851 2489 969 2530 corone·

129 2611 176 2659 Sec.
191 2611 334 2672 Pomponius]
366 2608 466 2670 deriptor
480 2607 584 2666 tragicus,
600 2609 628 2654 de
644 2623 688 2668 quo
704 2611 731 2656 A.
744 2595 786 2666 Xl',
799 2611 833 2656 13.
865 2609 902 2656 De
912 2609 970 2666 risse

104 2671 204 2718 Domitio
212 2675 241 2718 Α.
250 2675 271 2726 t,
281 2673 318 2718 52.
330 2673 363 2726 lt,
376 2673 409 2716 te.
421 2675 444 2714 et
455 2668 531 2719 Quint.
545 2671 580 2723 12,
592 2670 626 2724 lo,
638 2671 673 2714 ll.

134 2749 166 2796 Ut
178 2749 293 2812 Visa-:lieo
301 2748 343 2810 uit]
375 2746 493 2806 Georgius,
506 2747 596 2798 llere.

217 2827 257 2874 Me
266 2841 317 2874 uero
328 2826 430 2884 primum
439 2825 514 2871 dulsos
523 2829 574 2870 onte
582 2825 657 2870 omnio
667 2824 754 2880 Muses,

217 2886 323 2938 Quemne
330 2900 392 2932 sucro
397 2886 460 2942 sero,
470 2884 558 2940 ingenti
570 2897 688 2942 percussus
697 2899 777 2942 amors,

221 2945 345 3001 Accipient.

10 3037 11 3044 ¹
128 3023 326 3084 illosquelt’ontes]
357 3023 394 3069 Sic
402 3030 427 3068 et
435 3021 552 3082 Virgilius,
563 3021 665 3080 Georglc.
676 3021 706 3068 lt.
718 3024 768 3070 tto.

125 3111 130 3119 ¹
189 3101 254 3149 Rure
263 3101 423 3159 ministrique*
435 3102 538 3157 plocsont
546 3100 572 3146 in
581 3101 679 3148 nullibus
687 3115 778 3158 umnss;
847 3143 850 3148 .

188 3160 300 3208 Flumina
308 3174 380 3206 omem
389 3162 503 3220 sylvasque
511 3160 632 3216 inglorius.
664 3159 692 3216 0,
702 3160 743 3206 ubi
752 3159 826 3217 compi

190 3219 312 3276 Sperchios,
322 3223 343 3265 st
351 3219 480 3276 uirginibus
490 3219 591 3263 incolente
600 3217 708 3265 [amenis

192 3277 305 3336 Taygete:
319 3278 348 3332 0,
358 3278 398 3336 qui
406 3293 440 3323 me
449 3278 530 3336 gelidis
539 3277 566 3323 in
574 3277 671 3324 nullibus
680 3277 765 3323 Haemi

186 3338 262 3394 Sistol,
272 3342 292 3383 et
306 3337 394 3395 ingenti
403 3350 517 3382 ramorum
530 3339 629 3392 mtegot
637 3335 734 3380 umbro!

133 3414 296 3462 Testamentum
313 3428 353 3471 pro
369 3414 463 3472 pignore
481 3413 584 3469 scribom]
606 3411 621 3455 i.
642 3425 663 3454 e.
680 3409 806 3456 securitatis
823 3421 915 3452 euuese:
938 3421 968 3450 sc.

104 3473 193 3520 heredes
201 3473 350 3520 adscribendo
358 3473 469 3526 meletos,
485 3483 577 3571 quorum
588 3466 689 3526 potentin
698 3465 753 3509 milri
768 3463 853 3522 pignori
867 3462 904 3517 sit,
914 3465 970 3513 lore,

104 3537 129 3580 ut
138 3541 209 3580 rabum
219 3533 256 3588 sit,
265 3531 354 3593 meique
368 3539 457 3591 partem
471 3541 496 3576 ea
505 3532 552 3572 tem
566 3524 674 3569 bonorum
688 3533 788 3566 meorum
797 3521 877 3562 terent.
908 3517 960 3560 Er·

106 3591 184 3639 Confer
193 3594 248 3652 sgr.
258 3593 295 3638 ³4.
393 3607 396 3620 ·
