2062 3824
85 191 154 258 134
255 207 302 256 os
328 207 556 258 ossronrsvs
581 207 758 260 orsuoovs

24 403 30 464 ᾗ
79 381 135 440 que
162 361 291 424 iudicum
315 364 555 426 adcommodata:
576 369 608 424 ut
627 364 714 432 seias.
727 365 822 439 ipsum
836 384 952 444 qnoque

80 463 207 524 Calvum
221 462 414 529 intellexisse,
428 463 497 539 quid
511 465 615 522 melius
641 469 729 533 esset,
743 482 800 523 nee
816 469 952 526 volunte-

80 567 149 630 tem,
163 561 232 638 quin
256 561 406 620 sublimius
419 567 449 620 et
467 563 574 622 nullius
588 563 709 632 diceret,
733 566 785 622 sed
797 565 950 639 ingenium

78 678 115 722 ao
129 661 218 730 sires,
227 661 362 720 defuisse.
404 658 507 734 Quid?
526 679 565 720 ex
581 661 732 722 Coelianis
746 659 949 722 orationitsusi

78 761 249 834 sempehae
262 762 390 834 praeest,
404 760 497 836 sinon
510 760 675 830 universus,
686 765 717 819 at
730 767 826 836 partes
841 779 951 834 earum,

78 859 226 935 inquibus
253 858 377 916 nitorem
400 865 431 917 et
459 858 643 918 altitudine·
658 861 760 918 horum
785 866 950 935 temporum

77 958 289 1034 adgnoscimus.
352 958 460 1016 Sordes
490 962 588 1016 autem
621 960 774 1018 verborum
805 964 837 1016 et
862 959 948 1018 trians

77 1057 251 1132 compositio
261 1062 291 1116 et
304 1055 448 1116 inconditi
458 1073 560 1116 sensus
575 1057 947 1133 redotentantiqnitatens:

75 1173 133 1214 neo
159 1172 331 1230 quemquem
351 1156 426 1214 adeo
445 1155 638 1230 antiqnsrium
658 1163 737 1230 puto,
757 1161 789 1214 ut
809 1157 947 1216 Coelium

76 1273 116 1314 ex
129 1271 165 1314 ea
176 1259 256 1328 parte
278 1255 386 1321 laudet,
400 1271 457 1330 qua
482 1254 620 1329 antiquus
642 1260 696 1312 est.
739 1255 946 1314 concedamus

75 1372 148 1414 saue
168 1355 204 1414 0.
226 1354 356 1422 caesari,
377 1359 409 1412 ut
428 1359 545 1428 propter
571 1353 803 1430 magnitudinem
835 1355 946 1430 cogita·

75 1453 188 1512 tionum
198 1457 229 1512 et
239 1451 447 1526 occupationes
457 1469 550 1512 rerum
559 1452 870 1528 minusineloquentis
880 1453 946 1512 effe·
1019 1497 1022 1514 .

75 1553 159 1619 serit,
172 1569 258 1627 quam
272 1551 405 1612 divisura
426 1551 488 1610 eius
509 1551 660 1626 ingenium
675 1554 861 1625 postulabat:
884 1558 944 1614 tam

74 1653 203 1720 hercule,
225 1669 312 1728 quarn
337 1651 458 1710 Brutum
483 1650 686 1724 philosophiae
706 1668 776 1708 suae
801 1652 945 1727 relinqua·

75 1768 147 1812 mus.
189 1752 278 1816 Nam,
306 1751 337 1808 in
356 1750 536 1808 orationibus
557 1750 697 1810 minorem
711 1767 776 1808 esse
790 1750 869 1808 lama
884 1768 945 1820 sua,

74 1850 164 1910 stiam
173 1850 360 1912 admiratores
373 1849 435 1908 eius
447 1849 584 1908 ¹tutentur,
627 1850 693 1906 Neo
705 1849 779 1906 torte
790 1849 943 1925 quisquam

74 1956 124 2010 aut
158 1950 293 2010 Caesaris
327 1966 379 2022 pro
414 1948 510 2012 Decio
549 1947 691 2015 Samnite,
712 1954 762 2008 aut
786 1948 872 2006 Bruti
893 1965 945 2023 pro

74 2049 218 2110 Deiotaro
232 2050 324 2124 Rege,
356 2053 525 2122 eeterosque
546 2047 676 2106 eisudem
703 2047 888 2106 lentitudinis
908 2064 945 2106 ao

74 2147 182 2228 teporis
203 2147 290 2206 libros
314 2146 396 2220 legit,
417 2146 473 2204 nisi
494 2146 543 2221 qui
567 2150 614 2203 et·
627 2146 758 2204 earmina
784 2148 945 2207 eorundem
1018 2193 1019 2199 ,

74 2247 202 2306 miratur.
220 2247 354 2304 leserunt
375 2245 453 2304 enim
481 2250 512 2302 et
525 2243 656 2302 earmina
675 2251 707 2302 et
726 2245 758 2304 in
779 2245 944 2305 Bibliothe-

43 2364 125 2406 -eas
145 2347 314 2412 retulerunt,
333 2361 393 2404 non
414 2343 517 2404 melius
536 2361 621 2420 quam
643 2345 761 2408 Oieero,
776 2350 806 2404 at
820 2345 946 2421 letieius,
1016 2369 1017 2395 t

75 2444 222 2523 quiaillos
241 2443 347 2502 lesisse
363 2442 514 2524 paue'pres
533 2442 640 2502 sciunt.
682 2443 805 2502 Asinius
820 2461 950 2520 quoque,
1015 2459 1016 2491 t

74 2561 246 2623 quamquam
268 2543 444 2619 propioribus
457 2541 635 2618 temporibus
656 2547 742 2608 natus
756 2543 802 2612 sit,
824 2543 944 2602 videtur
1014 2539 1015 2589 l

74 2646 149 2706 milri
159 2645 235 2704 inter
244 2641 570 2716 MeneniosetAppios
580 2641 735 2700 studuisse.
778 2641 944 2706 Pasuviun
1013 2627 1014 2687 l

74 2751 156 2806 uerte
185 2750 217 2802 et
251 2743 366 2802 Attium
397 2759 455 2800 non
484 2742 577 2802 solum
592 2739 765 2814 tragoediis,
784 2741 943 2800 sedetiam
1012 2711 1013 2785 i

76 2844 256 2904 orationibus
276 2842 335 2900 suis
362 2839 524 2913 expressit:
546 2839 621 2895 sden
634 2838 721 2896 durus
735 2845 765 2895 et
776 2837 878 2898 sinens
888 2845 943 2898 est.

76 2944 293 3008 Oratioautern‚
305 2939 493 3010 sioutnorpus
503 2936 684 3004 neminisse
704 2938 820 2996 demum
840 2940 944 3012 pulcra
997 2929 1001 2936 ’

75 3049 130 3111 sst,
149 3041 180 3100 in
200 3056 257 3116 que
277 3056 335 3096 non
356 3036 487 3094 eminent
508 3051 612 3103 venae,
633 3053 689 3094 nen
709 3053 778 3094 ossa
792 3053 947 3096 numeras*

76 3148 132 3206 tur,
152 3140 204 3198 sed
224 3142 399 3210 temperatus
432 3151 467 3192 ae
488 3135 579 3191 bonus
599 3134 717 3208 sanguis
731 3135 834 3208 implet
854 3153 944 3194 mem·

106 3313 201 3370 Propter
210 3325 284 3370 magn.
295 3309 382 3372 cogitat]
413 3307 502 3356 Videris
511 3307 590 3361 Quint.
602 3309 636 3368 lt),
648 3311 668 3364 l,
681 3311 728 3356 llt.
759 3307 821 3355 vett.
834 3309 865 3366 ll,
875 3313 913 3358 tl.

66 3415 69 3422 ,
107 3391 172 3438 Inus
181 3389 243 3437 Men.
255 3393 275 3435 st
284 3387 375 3449 Appios]
406 3387 496 3438 Quinti.
510 3391 544 3445 ru,
557 3387 577 3445 l,
590 3389 637 3433 113.
658 3385 754 3432 Asinius
764 3385 862 3433 l'ullriro
872 3389 947 3438 sss'tm

73 3456 99 3504 st
107 3450 247 3502 iocunditate
257 3448 370 3498 cunno
378 3447 410 3498 itu
419 3449 483 3510 urps
491 3447 558 3506 obest,
573 3449 599 3495 ut
613 3445 685 3494 uideri
696 3445 763 3506 possit
772 3447 859 3500 saeculo
870 3449 947 3507 pstor,
