2096 3840
440 201 517 250 cer.
547 179 580 250 9.
606 183 662 250 10.
918 185 962 252 lb

96 357 124 412 et
135 354 218 430 origo
237 354 392 430 peregrino
418 371 511 422 suero,
532 373 631 430 parum
657 359 797 432 comperi,
816 357 874 416 ulai
887 359 964 432 quod
1034 334 1035 354 ¹

96 453 207 528 riguum
221 455 327 528 ipsum,
340 455 373 512 in
398 456 514 512 modum
529 455 659 514 liburnae
680 458 841 530 ligurelum,
866 459 964 526 docet,

96 553 252 610 advectam
276 553 459 627 religionem.
501 555 649 622 Celerum,
670 573 725 612 nee
753 557 891 614 cohibere
917 572 964 628 pa·

96 651 214 708 rielibus
235 653 327 722 Deos,
347 669 444 728 neque
466 653 497 710 iu
512 655 601 710 ullam
624 654 814 712 humanioris
834 655 964 727 speeiem

95 751 278 818 adsimulare,
299 769 337 808 ex
358 751 560 826 magnitudine
582 753 756 810 coelestium
780 752 964 822 arbitrantur.

96 850 175 907 luoos
196 867 232 908 se
260 867 379 907 nemora
409 855 593 918 eonseoranl,
628 851 816 926 Deorumque
843 851 965 909 nomini·

96 949 146 1005 bus
179 949 329 1022 adpellant
350 953 493 1006 secretum
520 947 602 1014 illud,
636 951 710 1022 quod
739 953 801 1006 sola
829 967 965 1006 reveren·

94 1051 133 1108 tia
154 1051 266 1108 vident.
323 1051 475 1124 Auspicio,
497 1058 656 1126 sortesque,
687 1055 719 1110 ut
752 1053 800 1127 qui
824 1052 964 1120 maxime,

97 1151 264 1208 observant.

137 1251 266 1307 Sorlium
293 1250 474 1307 cousuetudo
503 1249 639 1322 simplex.
662 1249 783 1325 virgum,
811 1251 963 1326 lrugiierae
978 1229 1016 1288 ¹⁰

71 1413 75 1422 ,
97 1348 191 1407 arbori
212 1349 353 1416 decisam,
374 1349 405 1406 in
432 1352 561 1406 surculos
582 1356 741 1422 amputant,
761 1369 868 1425 eosque
888 1351 965 1408 uotis

93 1449 264 1524 quibusdam
279 1450 430 1513 discretos,
451 1466 538 1521 super
557 1449 712 1506 candidam
730 1456 841 1507 vestem
855 1453 965 1507 temere

94 1565 128 1606 ao
154 1548 275 1606 fortuito
309 1552 456 1622 spargunt.
489 1565 567 1614 mox,
595 1548 621 1605 si
648 1550 764 1620 publice
791 1550 966 1616 consuletur,

97 1648 243 1706 Sacerdos
263 1647 405 1714 civitatis,
426 1646 471 1704 siu
500 1648 646 1719 privatim,
660 1648 723 1720 ipse
746 1647 965 1720 paterfamiliae,

95 1754 233 1820 precatus
256 1747 346 1814 Deos,
377 1749 549 1821 coelumque
580 1746 752 1820 suspiciens,
774 1753 816 1802 ter
836 1746 965 1820 singulos

96 1845 183 1912 tollit,
219 1848 357 1912 sublatos,
377 1847 536 1902 secuudum
564 1845 733 1918 impressam
761 1851 829 1901 aule
858 1852 966 1914 nolam,

87 1945 307 2018 iuterpretatur.
351 1945 385 2001 Si
401 1945 617 2018 prohibuerunt,
641 1945 720 2000 uulla
744 1945 781 1999 de
809 1944 910 2000 eadem
935 1963 966 2001 re

92 2045 271 2102 ineundam
298 2044 377 2100 diem
391 2044 582 2113 consultali03
603 2044 649 2099 sin
673 2043 852 2115 permissum,
872 2042 966 2116 auspi·

92 2144 207 2202 ciorum
223 2143 318 2199 adhue
332 2143 404 2199 firles
423 2142 559 2217 exigitur.
599 2143 639 2199 Et
653 2141 727 2198 illud
742 2143 857 2216 quidem
877 2141 966 2198 etiam

93 2243 145 2300 irie
177 2251 291 2304 notum,
323 2241 422 2299 avium
450 2259 539 2298 voees
567 2243 737 2314 volatusque
772 2240 965 2312 interrogare:

92 2341 244 2416 proprium
264 2343 369 2414 gentis,
390 2355 527 2414 equorum
539 2357 653 2414 quoque
680 2339 830 2414 praesagia
849 2355 885 2395 ae
909 2357 967 2396 mo·

91 2439 175 2498 nitus
211 2439 347 2511 experiri.
381 2439 497 2512 publioe
532 2441 646 2495 ulunlur
671 2438 775 2496 iisdem
802 2437 967 2496 nemoribus

121 2593 199 2641 Lucus
209 2607 235 2638 uc
244 2594 343 2652 missuro]
369 2593 454 2640 Silvam
462 2591 556 2640 Herculi
567 2607 653 2640 sauram
663 2593 758 2639 vidimus
766 2606 833 2652 supra
843 2592 924 2639 Annal.
936 2593 965 2640 ll.

93 2657 129 2700 12.
164 2653 251 2697 Caesar
261 2659 407 2707 treusgressus
417 2651 538 2710 Visurgim,
553 2651 636 2698 indicio
650 2653 755 2713 perfugae
764 2651 884 2709 eoguosoit,
894 2651 967 2698 deleu-

91 2717 144 2758 tum
153 2712 185 2755 ab
201 2709 300 2756 lrminio
311 2712 382 2756 lonurn
391 2725 489 2771 pugnae:
506 2711 634 2756 convenisse
643 2719 667 2756 et
677 2711 732 2756 aliar
747 2711 848 2756 nationes
856 2709 878 2755 iu
887 2711 967 2756 silvam

92 2770 193 2818 Herculi
213 2783 306 2815 sacrum.
339 2769 421 2815 Luourn
440 2769 598 2823 Baduhennae,
615 2769 695 2816 Annul.
714 2768 752 2815 lV.
765 2773 800 2816 23.
833 2769 891 2816 Mos
908 2784 968 2815 conr·

124 2837 186 2874 rrum
209 2844 222 2874 a
249 2829 373 2886 transfugis,
394 2836 515 2887 nongentos
540 2829 691 2874 Rornanorum
713 2829 771 2886 apud
795 2828 876 2882 lucum,
901 2843 966 2888 quem

90 2845 252 2935 ffiuunennae
267 2894 355 2936 vorant.
367 2901 439 2946 pogna
449 2887 471 2932 in
531 2899 592 2932 erum
607 2892 715 2941 extracta,
731 2887 848 2932 coniectos.
882 2887 968 2934 Nemus

90 2962 193 2998 saeuum,
213 2946 273 2992 Hiat.
301 2945 338 2991 lV.
360 2949 390 2992 ll.
432 2945 511 2991 Civiis
527 2947 635 3006 primores
653 2945 732 3004 gentis,
752 2953 776 2990 el
794 2946 968 3007 promptissimos

89 3006 165 3062 vulgi,
178 3005 254 3063 speeie
261 3005 385 3064 epularum,
395 3019 482 3051 sacrum
492 3005 514 3050 iu
525 3019 600 3050 nemus
609 3011 707 3054 voratos.
724 3005 760 3050 ubi
771 3010 837 3050 noete
844 3019 871 3050 ae
881 3004 968 3050 laetitia

89 3063 218 3111 incaluisse
229 3063 299 3118 videt,
309 3063 396 3109 alaude
406 3064 521 3123 gloriaque
530 3062 603 3120 gentis
619 3077 689 3118 orsus,
700 3063 799 3120 injurias,
810 3069 833 3107 et
850 3071 933 3166 raquus,
943 3068 968 3109 et

89 3131 189 3168 caetera
207 3123 291 3168 servitii
309 3123 368 3168 inula
386 3133 509 3168 enumerat.
542 3122 622 3175 Silvas,
634 3121 968 3182 religionevaeuas,vouptati·

90 3197 139 3244 que
148 3181 255 3230 redditas
264 3182 389 3239 gratulatur
396 3181 539 3232 Claudianus,
548 3183 577 3228 de
586 3181 689 3227 laudibus
699 3180 818 3236 stiliconis,
830 3181 847 3227 l.
857 3182 909 3228 wll.
975 3211 977 3216 ,

220 3262 254 3306 ut
264 3261 340 3321 prorui
352 3259 480 3316 Hercyniae
489 3273 529 3318 per
538 3265 602 3304 vasta
611 3259 701 3304 silentiu
709 3257 780 3303 silvae

219 3319 305 3364 Venari
315 3323 365 3364 luto
375 3319 450 3372 liceat,
460 3318 565 3375 luemque
576 3323 664 3360 vetusta

220 3377 342 3434 Religioue
353 3383 432 3430 truces,
443 3381 467 3418 el
476 3375 557 3420 robora
567 3372 662 3418 numinis
672 3371 742 3415 instar

222 3434 347 3487 Barbariei,
358 3441 448 3480 nostrae
457 3431 538 3476 feriant
548 3431 637 3487 impune
647 3439 741 3472 secures

93 3521 210 3572 luorum
218 3513 330 3578 apposite,
340 3512 364 3558 iu
372 3509 491 3558 obsidione
504 3505 624 3554 Massiliae
634 3502 677 3554 111.
686 3503 737 3546 m
823 3579 824 3582 Ἴ
