2096 3840
418 195 496 242 car.
526 173 581 240 10.
612 175 668 240 ll.
934 173 982 244 dd

110 351 204 427 itque.
226 337 361 423 dispecta
381 353 476 406 estet
500 349 601 406 'Pbule
624 348 849 422 quadamtenus:
871 348 924 406 nix
953 353 983 406 et

107 451 206 507 biems
220 450 399 522 adpetebat3
419 448 472 504 sed
506 465 584 504 mare
606 447 717 521 pigrum
738 454 767 504 et
788 465 878 522 grave
900 448 983 506 rend-

108 550 259 623 gantibus.
283 547 446 620 perhibent,
467 564 504 602 ne
527 547 623 602 ventis
647 545 763 619 quidem
791 547 910 620 perinde
935 547 982 604 ad·

107 648 194 706 tolli:
217 650 317 714 credo,
342 647 418 720 quud
433 645 556 702 rariores
576 651 670 703 terrae
686 653 865 718 montesque,
879 663 983 702 caussa

108 763 146 804 ac
160 746 284 804 materia
298 751 514 817 tempestatum,
534 749 564 800 et
587 743 725 816 protunda
747 746 838 800 moles
852 744 983 802 continui

110 845 197 902 maris
213 844 324 902 tardius
337 842 497 914 inpellitur.
539 843 681 899 Naturam
697 843 811 900 Oceani
825 849 911 916 atque
923 861 982 899 aes·

110 949 155 1002 tus
169 961 268 1018 neque
293 959 430 1018 quaerere
455 941 652 1014 huiusoperis
675 948 728 1010 est,
755 959 791 998 ac
812 941 895 998 multi
910 947 983 1000 retu·

111 1045 181 1102 lere.
210 1058 302 1099 unum
333 1041 512 1098 addiderim:
545 1057 684 1114 nusquam
720 1041 805 1098 latius
838 1041 983 1098 dominari

110 1159 200 1208 mare,
221 1144 344 1198 multum
366 1139 515 1198 dominum
538 1140 594 1196 boc
622 1146 707 1214 atque
721 1140 791 1198 illue
812 1139 901 1208 terre,
926 1157 983 1198 nec

107 1232 194 1298 litore
226 1247 313 1297 tenus
340 1240 511 1296 adcrescere
533 1245 583 1294 aut
611 1239 762 1310 resorberi,
782 1241 833 1296 sed
860 1240 982 1298 induere

108 1341 227 1414 penitus
241 1345 329 1412 atque
349 1338 470 1404 ambire,
482 1347 512 1395 et
526 1337 601 1411 iugis
615 1337 705 1394 etiam
724 1345 810 1414 atque
835 1339 982 1396 montibus

108 1437 343 1496 inserivelutin
372 1454 433 1494 suo.

147 1538 301 1600 Ceterum,
323 1535 507 1593 Britanniam
530 1535 579 1612 qui
615 1539 751 1594 mortales
778 1537 865 1595 initio
885 1539 982 1594 colue-
997 1541 1029 1602 lt

110 1636 178 1702 dut,
198 1635 360 1708 indigenae
376 1652 413 1690 an
435 1635 563 1703 advecti,
589 1643 617 1692 ut
632 1636 710 1692 inter
724 1637 982 1709 barbaros,parum

109 1739 301 1806 compertum.
345 1733 469 1790 Habitus
492 1751 644 1808 corporum
666 1734 759 1790 varii:
781 1741 868 1807 atque
882 1753 921 1792 ex
946 1751 983 1790 eo

106 1839 293 1908 argumenta.
316 1849 440 1907 namque
461 1833 564 1890 rutilae
580 1833 773 1890 Caledoniam
788 1833 981 1890 habitantium

112 1989 177 2043 tame,
188 1994 214 2034 et
227 1987 296 2033 solita
305 1987 435 2032 adulatione
445 1987 521 2032 statim
531 1987 554 2032 in
565 1987 669 2032 victorias
680 2001 772 2032 cesama
805 1987 860 2033 lude
871 1987 980 2046 Hierony·

108 2063 163 2105 mus,
177 2050 201 2094 in
218 2047 340 2092 Chronico.
360 2046 473 2092 Claudius
491 2047 518 2091 de
536 2045 657 2094 Britannis
674 2046 828 2103 triumphauit,
843 2051 863 2093 et
880 2047 981 2094 Oreum

109 2107 197 2154 insutos
209 2105 310 2152 Romano
320 2105 399 2162 adjecit
408 2105 507 2160 imperio.

128 2185 295 2256 Ι,Βίψιιίαμιεὶ
310 2187 333 2252 et
345 2182 427 2252 Thule]
461 2183 521 2228 Bene
539 2183 649 2254 delectum
668 2184 761 2254 verbum
778 2185 901 2254 duricors:
921 2186 981 2290 arrad

109 2244 483 2349 inutilirvieciise'riuiiriiffltau'
497 2243 535 2288 rel
550 2243 642 2289 sublatas
656 2245 754 2292 tenebras
763 2245 848 2301 vident.
879 2245 909 2292 V.
936 2250 981 2290 reta

139 2381 226 2438 stulu]
259 2379 326 2426 Nunc
346 2379 394 2426 Tire
412 2379 519 2427 &atinati
537 2379 634 2436 lalanda,
655 2388 680 2428 ut
698 2392 760 2428 recte
778 2382 864 2428 incnuit
880 2383 981 2430 enrditus

107 2439 218 2488 camden.
235 2438 368 2492 Britannia,
384 2454 434 2498 pag.
453 2443 501 2486 att.
540 2441 599 2486 Turre
616 2447 692 2487 tamen
707 2441 783 2488 Plinio
797 2442 886 2499 cognita
900 2444 981 2488 ultime

107 2500 209 2545 omnium
219 2497 342 2543 insularum
352 2513 407 2556 quoe
416 2503 575 2554 memorantur,
592 2498 673 2554 Thule,
689 2516 748 2546 nunc
757 2499 855 2555 Icelond,
869 2501 925 2548 Ptin.
939 2502 978 2548 lV.

108 2561 141 2606 17.
175 2555 307 2616 Procopius,
323 2557 379 2604 Bell.
395 2555 485 2602 Gothic.
504 2559 532 2604 ll.
554 2561 588 2604 15.
608 2558 675 2604 aliam
692 2559 792 2605 celebrat
809 2560 906 2614 Thulen,
923 2575 980 2607 nunc

110 2617 215 2674 damry,
233 2630 300 2675 quarn
321 2615 379 2660 inter
404 2622 492 2670 aeter-ea
514 2616 604 2676 plurimi
621 2617 715 2663 insulam
738 2632 787 2662 esse
807 2619 936 2678 credidere3
956 2615 980 2666 et

107 2673 258 2732 Norwegicae
268 2673 354 2719 Thales
365 2674 470 2719 memoria
485 2675 542 2720 torte
552 2681 617 2720 extat
632 2675 654 2720 in
670 2677 803 2734 Norwegiea
814 2679 910 2734 regione,
936 2693 981 2726 uae

109 2733 346 2780 Tele-naorlrdicitur.
378 2733 437 2778 Vide
454 2733 489 2777 tll.
506 2735 631 2788 d’Anriile,
652 2735 775 2780 Mimoires
791 2737 821 2780 de
838 2695 981 2784 l'Acadirnie

108 2793 200 2849 Royale
210 2794 251 2836 des
263 2791 414 2852 Inscriptiona,
431 2792 497 2838 Tora.
509 2793 631 2839 xxxvii.
643 2807 693 2853 pag.
704 2797 754 2839 tau·
785 2795 946 2846 Menelaum
957 2797 981 2842 la

109 2851 251 2909 Navigation
261 2852 291 2896 de
302 2850 402 2908 Pytheas
411 2854 426 2896 i
436 2851 519 2898 Thule.

134 2929 272 2988 indigenae]
307 2929 340 2974 De
356 2928 463 2986 indigenis
476 2930 558 2975 dietum
574 2943 640 2990 supra
654 2929 676 2975 in
692 2930 751 2977 libro
767 2931 797 2979 de
810 2931 914 2980 Moribus
924 2932 980 2978 Ger·

108 3003 224 3034 manorum
240 3003 288 3048 cap.
305 2991 328 3036 2.
362 2987 477 3034 Britannos
496 2988 620 3042 interiores,
655 3004 694 3034 uos
712 2994 774 3036 noba
791 2992 818 3037 iu
836 2992 913 3038 torulo
932 2992 980 3045 ipro

107 3048 212 3093 mensorio
221 3047 342 3103 ‘auditum
351 3047 420 3092 tradit
430 3047 503 3092 Julius
513 3047 598 3092 Caesar
608 3004 664 3096 acii.
676 3048 739 3096 dall.
748 3049 778 3096 V.
792 3055 825 3098 12
837 3065 886 3096 esre
893 3050 983 3106 origine

109 3105 233 3152 Germanos
244 3105 326 3152 merito
334 3107 452 3152 adseverat
467 3107 567 3152 Tacitus.

136 3185 229 3232 Rutidre
248 3185 395 3230 Caledoniam
417 3185 579 3246 budinarium]
612 3187 657 3234 dds
673 3187 728 3241 exit,
752 3188 819 3234 immo
838 3182 979 3240 transcripsit

108 3244 129 3290 in
140 3251 205 3304 parte
217 3246 275 3290 lruuc
286 3245 358 3289 locoru
375 3245 495 3290 loruaudes
511 3245 547 3292 De
555 3245 645 3303 urigine
655 3201 780 3294 gothorum
790 3262 809 3292 c.
821 3249 843 3291 2.
873 3243 938 3288 Silua

110 3304 180 3362 (maie
196 3303 218 3348 in
234 3317 269 3352 eo,
283 3303 400 3359 Selorum)
416 3302 504 3348 colorati
517 3305 601 3357 cattus,
619 3308 676 3350 torto
688 3305 787 3364 plerique
802 3303 864 3350 arins
879 3303 899 3344 et

109 3369 241 3408 succuritur.
274 3361 418 3406 Caledoniam
440 3375 490 3407 uero
513 3363 658 3408 incolentibus
681 3364 764 3408 ratitos
781 3359 866 3410 'samoe

109 3434 190 3476 niagno
200 3421 239 3466 sert
245 3419 334 3479 fluido,
348 3417 389 3480 qui
403 3419 478 3466 cattis,
490 3420 536 3466 siue
550 3419 683 3474 Himeras
697 3421 818 3476 esdraque

110 3478 230 3526 adsimiles.
262 3477 326 3535 laps.

146 3574 218 3618 vul..
238 3577 289 3618 ttl.
