2062 3824
65 138 136 208 118
244 161 291 208 ua
321 159 549 212 onaronrsrs
575 158 753 214 ursaocrs

4 297 5 328 ³
61 317 159 372 tamen
180 312 229 372 hic
249 314 345 372 exitus
358 321 411 382 est,
425 325 465 382 ut,
479 333 545 374 cum
566 323 627 376 toto
647 334 733 392 aaran
755 337 807 395 per
825 338 930 380 omnes

4 441 7 482 i

21 2021 46 2103 l

9 2106 52 2322 l

36 2373 38 2393 l

36 2400 41 2423 i

39 2429 43 2444 ι

41 2453 50 2544 l

26 2591 40 2648 l

33 2671 36 2680 r

34 2708 38 2720 δ

61 413 134 478 dies,
148 429 252 488 magna
267 414 395 472 noctium
415 421 505 486 parte,
527 433 615 476 uaum
637 418 740 476 tibrum
761 421 878 478 extudit
899 425 931 478 et

62 512 254 577 elucubravit,
268 529 367 586 rogare
381 515 456 571 uitro
478 519 509 572 et
532 517 641 573 ambire
655 524 783 591 cogatur,
804 523 836 576 ut
856 519 929 581 sint,

62 610 109 684 qui
121 612 275 685 dignentur
286 610 401 670 audire:
422 618 452 670 et
466 631 503 670 ne
517 613 546 670 id
560 614 676 688 quidem
689 617 787 690 gratis.
809 635 879 674 nam
893 622 924 674 et

62 709 181 766 domum
195 715 337 768 mutuatur
350 715 380 766 et
400 711 571 770 auditorium
590 715 713 770 exstruit
728 719 759 772 et
783 716 924 772 subsellia

64 809 202 866 conducit
214 814 243 864 et
258 807 370 866 libellos
383 810 539 883 dispergit:
561 815 601 879 et,
614 817 645 870 ut
659 812 841 899 beatissimus
857 813 929 871 reci·

65 905 204 963 tationem
230 907 292 964 eius
313 912 436 964 eventus
462 914 654 982 prosequatur,
672 911 766 968 omnis
790 911 841 968 illa
869 914 931 968 laus
1025 907 1026 948 ἕ

65 1004 141 1066 intra
153 1023 239 1062 unum
251 1013 299 1062 aut
314 1008 433 1064 aiterum
444 1006 532 1072 diem,
544 1011 624 1066 vetut
637 1007 667 1066 in
688 1010 776 1066 herba
796 1013 845 1066 rel
861 1009 932 1068 dore

66 1110 230 1178 praecepta,
245 1106 281 1161 ad
297 1106 405 1162 nullam
425 1113 534 1164 certam
548 1111 577 1164 et
597 1107 718 1164 solidans
731 1108 865 1180 pervenit
879 1108 937 1165 tru—

67 1221 149 1279 gem:
164 1221 219 1260 nec
228 1210 275 1260 aut
285 1205 443 1262 amicitiam
451 1205 520 1262 iude
529 1205 624 1269 refert,
635 1214 682 1264 aut
692 1208 871 1271 clientelam,
882 1211 935 1264 aut

67 1302 270 1361 mansurumiu
281 1303 379 1360 animo
388 1303 557 1378 cuiusquam
572 1305 754 1370 beneficium,
764 1306 813 1362 sed
827 1309 938 1362 clauso·

68 1418 129 1460 rem
140 1418 243 1474 vagum
255 1406 284 1456 et
298 1418 385 1458 voces
397 1401 498 1459 inanes
507 1408 537 1460 et
547 1404 681 1476 gaudium
694 1406 821 1460 volucre.
858 1405 935 1461 Lau·

69 1500 204 1559 davimus
215 1517 314 1572 nuper,
322 1506 352 1557 ut
364 1501 465 1558 miram
476 1507 505 1558 et
516 1503 664 1568 eximiam,
676 1502 853 1574 Vespasiani
864 1503 936 1559 lihe-

70 1599 223 1664 ralitatem,
243 1600 317 1672 quod
337 1599 495 1674 quingenta
516 1601 648 1658 sestertia
670 1601 763 1658 Basso
783 1602 935 1658 donasset.

71 1694 207 1754 Pulcrum
222 1697 251 1754 id
265 1697 390 1780 quidem,
415 1697 624 1772 indulgentiam
646 1699 791 1771 Principis
813 1699 935 1771 ingenio

71 1796 174 1852 mereri
186 1815 193 1851 ε
208 1799 315 1869 quanto
326 1801 421 1852 tamen
432 1796 565 1867 pulcrius,
576 1799 600 1854 si
612 1796 652 1852 ita
662 1815 706 1854 res
716 1797 864 1854 familiaris
873 1796 938 1854 exi·

72 1898 130 1968 gc‘t,
140 1911 170 1952 se
182 1895 275 1967 ipsum
285 1897 391 1960 colere,
401 1911 483 1952 suum
494 1894 610 1968 genium
623 1895 786 1967 propitiare,
796 1913 878 1952 suam
888 1913 938 1952 ex·

72 1992 160 2064 periri
189 1991 411 2050 liberalitatem?
443 1993 560 2066 Adjice,
590 1995 665 2067 quod
696 1993 798 2065 poetis,
827 1993 852 2048 si
878 2011 938 2050 mo·

73 2091 112 2148 do
144 2089 262 2161 dignum
294 2089 403 2163 aliquid
437 2092 584 2148 elaborare
617 2097 648 2148 et
679 2092 794 2148 efficere
829 2092 935 2160 velint,

73 2188 260 2261 relinquenda
292 2189 478 2246 conversatio
508 2190 666 2248 amicorum
701 2195 731 2247 et
769 2190 937 2246 incunditas

5 2319 17 2370 ς
74 2285 161 2352 urhis,
181 2285 340 2345 deserenda
367 2292 484 2344 caetera
509 2287 614 2355 officia,
634 2294 720 2360 atque
741 2288 798 2359 ipsi
824 2289 941 2356 dicunt,
1026 2325 1027 2328 =

74 2381 106 2438 s'n
118 2399 232 2440 nnnom
244 2389 270 2442 ct
281 2381 366 2452 lucos,
379 2383 409 2442 id
429 2391 483 2453 est,
495 2385 527 2443 iu
540 2385 728 2444 solitudinem
740 2387 939 2444 secedendum

76 2485 131 2540 est.

116 2580 164 2637 Ne
177 2579 278 2652 opinio
299 2580 415 2654 quidem
436 2586 467 2638 et
489 2581 575 2648 tama,
597 2583 646 2640 cui
669 2583 724 2640 soli
746 2582 889 2649 serviunt,
909 2587 941 2640 et

58 2652 150 2762 {quod
166 2696 253 2736 unum
267 2680 464 2750 cssepretium
485 2681 580 2738 omnis
603 2681 648 2738 sui
673 2681 779 2738 laboris
804 2681 942 2748 latentur,

58 2763 168 2856 facque
183 2784 282 2850 poetas
296 2795 380 2852 quarn
400 2783 526 2836 oratores
554 2779 701 2852 sequitur:
721 2779 857 2853 quoniam
883 2797 944 2837 me·

33 2860 189 2950 2{diocres
217 2883 316 2949 poetas
344 2893 430 2934 nemo
456 2877 547 2942 novit,
568 2879 659 2934 bonos
677 2877 772 2951 pauci.
814 2877 942 2950 Quando

30 2953 37 3008 ἕ
55 2945 64 3020 i
78 2975 157 3034 enim
170 2974 376 3032 rarissimarum
390 2974 590 3034 recitationum
606 2973 684 3034 lama
697 2973 727 3034 ia
740 2980 829 3034 totam
841 2977 942 3034 urbem

108 3150 229 3198 Medicam
238 3147 327 3209 Pactus]
357 3147 419 3194 Vere
427 3148 486 3195 enim
495 3147 604 3196 Horatius
613 3147 636 3196 ia
648 3151 704 3196 Arte
713 3147 812 3207 Poeticc‚
822 3161 881 3196 vers.
893 3151 943 3196 372.

342 3225 491 3272 diaconium
500 3240 543 3272 esse
555 3227 639 3281 Pactus,

199 3284 253 3346 Non
260 3284 314 3343 Dii,
323 3298 369 3332 sun
376 3283 481 3342 urnac,
490 3297 536 3332 non
545 3298 664 3332 masuam
673 3285 793 3332 columna.
