2062 3824
384 153 465 228 atr.
495 160 554 229 no.
582 163 641 231 so.
871 167 940 239 rra

67 335 155 404 diunt,
183 338 236 394 ant
257 333 366 393 laniat:
397 337 516 410 quando
545 335 635 394 etiam
655 335 711 410 ipsi
730 342 866 412 parentes
886 355 944 400 nee
1021 399 1022 402 ,

68 427 218 508 probitati,
250 452 346 508 neque
366 434 538 501 modestiae,
568 438 704 509 paruulos
734 439 945 510 adsuefaciunt,
1021 433 1022 484 i

68 535 118 592 sed
139 533 286 590 lasciviae
306 539 337 590 et
351 532 520 602 dioaeitati;
539 551 591 606 per
603 552 676 608 quae
699 539 847 606 paullatim
862 539 945 611 inpu-

67 633 168 692 dantia
187 631 308 705 inrepit,
332 637 363 688 et
384 632 427 690 sui
448 632 595 707 alienique
624 640 818 707 contemptus.
883 637 944 694 lam

69 749 140 790 vero
161 731 282 804 propria
298 737 329 787 et
360 731 534 804 peculiaria
551 732 635 790 huius
657 733 734 790 nrhia
755 733 828 790 vitia
851 751 945 805 paens

67 833 99 890 in
119 839 203 890 utero
224 832 325 890 matris
345 832 463 906 oonoipi
494 833 567 890 milri
588 834 734 902 videntur,
765 833 944 892 histrionalis
1021 905 1022 908 Ἴ

71 933 153 990 invor
183 938 214 990 et
246 933 440 1006 gladiatorum
474 949 666 1008 equorumque
696 933 809 990 studia:
841 933 944 1006 quibua

71 1040 230 1107 oooupatus
249 1037 282 1090 et
298 1034 434 1089 antenus
454 1033 567 1090 animus
588 1035 756 1107 quantulum
779 1034 837 1092 toni
860 1033 944 1091 bonis

73 1134 179 1212 adibus
211 1128 371 1205 relinquit?
386 1137 508 1206 nuatum
537 1149 679 1206 quemque
707 1133 864 1200 inveneris,
894 1131 945 1208 qui

71 1232 148 1290 domi
167 1231 325 1306 quidquam
355 1232 434 1288 aliud
451 1229 608 1305 'loquuturi
628 1249 701 1306 quos
730 1233 802 1290 alios
832 1234 944 1290 adoles·

72 1311 254 1388 sentuiorum
277 1349 425 1388 sermones
445 1331 617 1402 excipimus,
638 1331 663 1386 si
697 1333 812 1406 quando
832 1333 944 1388 andito·

73 1423 331 1488 mundavimus?
352 1431 399 1486 Ne
421 1437 622 1511 praeceptores
643 1431 759 1504 quidam
780 1433 854 1488 ullus
881 1447 944 1488 ere-

73 1530 180 1588 briores
202 1546 270 1586 num
297 1529 474 1586 auditoribus
498 1529 559 1586 auis
580 1529 690 1587 fabulas
712 1531 828 1587 hahent.
862 1529 945 1588 oolli-

74 1637 143 1704 gnnt
170 1629 253 1687 eninr
283 1628 451 1701 discipulos,
482 1646 539 1686 non
569 1630 729 1686 severitate
759 1628 943 1701 disciplinae,

75 1745 127 1786 neo
141 1729 257 1803 ingenii
277 1728 488 1800 experimento,
507 1730 558 1785 sed
577 1728 736 1785 ambitione
756 1727 943 1784 salutantium

75 1834 103 1884 et
128 1809 290 1886 intenebris
322 1827 505 1884 adulationis.
547 1827 683 1884 Transeo
712 1825 803 1898 prima
830 1826 944 1885 discen·

74 1926 143 1985 tium
163 1930 322 1994 elementa,
341 1925 373 1982 in
397 1926 504 1999 -quihus
525 1931 554 1982 et
585 1925 657 1998 ipsis
687 1941 786 1998 parum
813 1925 944 1983 elabora·

73 2033 134 2085 tur:
154 2043 213 2084 neo
236 2025 267 2082 in
288 2023 453 2082 auctoribus
480 2024 705 2098 cognoscendis,
727 2041 783 2082 nee
803 2026 944 2084 evolven-

72 2127 108 2184 da
127 2125 315 2200 antiquitate,
335 2141 392 2181 nso
411 2125 443 2180 in
463 2123 567 2181 notitia
589 2126 637 2180 vet
659 2141 761 2192 reuersa,
783 2127 831 2182 vel
852 2125 944 2184 horni-

72 2243 150 2293 ηοω,
166 2226 221 2282 vel'
230 2230 403 2308 temporum,
414 2223 487 2280 satis
500 2240 607 2296 operae
619 2223 783 2283 insumitur.

8 2393 9 2396 Ἴ
111 2327 174 2384 Sed
202 2328 398 2398 expetuntur‚.
418 2340 489 2396 quos
516 2319 643 2379 rhetoras
670 2331 794 2382 vocant:
822 2335 995 2400 quorumsso

8 2453 9 2458 1
72 2420 213 2499 professio
227 2423 344 2496 quando
368 2422 490 2494 primum
504 2421 541 2478 'in
559 2421 639 2478 hano
660 2425 758 2480 urbem
778 2423 944 2482 introducta

8 2581 9 2592 ,
73 2524 119 2592 sit,
139 2539 284 2599 quamque
299 2522 409 2578 nullam
423 2522 498 2594 apud
513 2519 635 2576 maiores
657 2527 768 2579 nostros
792 2521 946 2580 auctorita·

73 2629 131 2680 tem
155 2619 301 2686 habuerit,
328 2619 425 2676 statim
447 2619 585 2685 diuturne,
611 2618 731 2676 reiorum
754 2635 875 2678 neeesse
899 2624 945 2678 est

8 2715 10 2720 ’
73 2722 202 2780 animum
217 2721 334 2777 adeam
355 2718 617 2793 disciplinamque
633 2735 697 2776 usos
712 2736 836 2777 essaeos
852 2725 946 2778 orato·

8 2855 9 2882 r
73 2839 118 2878 res
132 2818 311 2892 accepimus,
325 2835 445 2892 quorum
469 2817 599 2874 infinitus
621 2819 753 2885 labor,et
775 2817 945 2894 quotidiana

8 2987 9 2992 η
74 2919 239 2981 meditatio,
254 2924 284 2974 et
309 2917 339 2974 in
353 2901 737 2990 omnigenerestudiorum
760 2917 945 2976 exercitatio·

8 3023 10 3106 j
74 3037 125 3076 nes
149 3019 277 3091 ipsorum
304 3015 393 3072 etiam
420 3015 609 3072 eontinentur
636 3015 725 3072 libris.
776 3017 872 3075 Notus
899 3022 946 3075 est

73 3118 159 3174 uobis
173 3116 273 3190 utique
289 3113 440 3174 Ciceronis
462 3114 545 3181 liber,
570 3113 619 3190 qui
640 3113 749 3172 Brutus
762 3114 944 3186 inscribitur3

74 3216 106 3272 in
133 3215 217 3272 ouius
238 3221 373 3272 extrema
402 3218 493 3286 parte,
523 3209 604 3284 (nam
634 3213 710 3287 prior·
739 3230 947 3271 commemora·

8 3275 11 3374 i
76 3315 189 3372 tionem
216 3319 348 3370 veterum
381 3318 526 3370 oratorum
553 3309 655 3388 habet)
683 3329 735 3366 sna
761 3305 856 3376 initia,
879 3329 945 3366 suos

72 3415 189 3488 gradus,
208 3428 280 3470 suae
306 3409 491 3484 eloquentiae
520 3409 603 3466 velut
629 3405 773 3478 quendam
800 3405 969 3460 educatio·¹
