2096 3840
454 165 534 212 cnr.
561 145 620 210 21.
639 144 698 210 22.
947 141 997 212 29

128 316 180 390 pit.
222 315 298 376 (lum
326 317 473 386 deiecere,
501 317 550 392 qni
564 307 651 376 modo
675 317 780 391 hospes
794 307 898 385 luerat,
919 333 997 376 mon·

126 423 231 472 strator
252 416 371 490 hospitii
387 423 418 496 et
431 434 541 484 comes,
561 417 722 490 proximam
736 418 852 476 domurn
868 433 927 474 non
954 417 995 474 in·

125 515 212 572 vitati
239 515 358 572 adeunt.
381 532 438 572 nec
467 515 606 574 interest:
629 515 692 588 pari
718 516 898 574 humanitate
919 515 996 572 acci·

124 613 251 686 piantur.
313 615 425 672 Notum
458 614 659 690 ignotumque,
700 620 839 688 quantum
880 615 918 671 ud
951 614 996 672 ius

124 712 255 785 hospitii,
277 713 525 770 nemodiscernit.
569 711 709 782 Abeunti‚
730 713 756 770 ai
776 713 844 786 quid
860 729 995 788 poposce-

125 810 171 876 rit,
191 811 357 870 concedere
372 811 489 873 ,morisr
510 815 540 868 et
567 811 707 884 poscendi
735 811 866 868 invicem
893 813 994 870 eadem

123 909 260 968 facilitas.
302 911 440 968 Gaudent
461 910 643 968 muneribus:
664 910 716 966 sed
742 926 799 968 nec
823 911 891 968 datu
905 910 994 985 impu·

125 1011 198 1074 tant,
220 1027 277 1066 nec
298 1010 429 1082 acceptis
443 1010 618 1082 obligantur.

164 1107 275 1166 Victus
297 1107 375 1166 inter
402 1108 531 1182 hospites
552 1107 654 1164 comis.
710 1107 816 1166 Statim
838 1127 855 1166 e
881 1109 1026 1177 nonnoni*

124 1224 210 1284 quem
239 1210 405 1278 plerumque
421 1209 450 1262 in
478 1209 557 1264 diem
581 1207 747 1273 extrahunt,
768 1211 908 1276 lavantur,
930 1226 992 1265 sae·

123 1305 188 1378 pios
201 1306 311 1371 calida,
332 1313 361 1362 ut
385 1307 543 1378 apudquos
558 1307 710 1379 plurimum
736 1307 828 1364 hiems
855 1313 990 1380 occupat.

123 1405 212 1462 Leuti
241 1405 340 1460 cibum
367 1405 507 1476 capiunt:
528 1411 680 1477 separatae
707 1407 830 1479 singulis
851 1409 936 1464 sedes
961 1413 991 1464 et

123 1520 175 1562 sna
195 1504 302 1577 cuique
316 1521 428 1560 mensa.
451 1508 511 1559 tum
525 1505 561 1559 ad
577 1505 703 1578 negotia,
725 1523 779 1560 nec
795 1505 888 1562 minas
903 1523 990 1578 saepe

121 1603 158 1660 nd
183 1601 337 1664 convivia,
351 1603 510 1674 procedunt
531 1603 643 1659 armati.
706 1603 794 1660 Diem
817 1613 990 1677 noctemque

124 1702 296 1759 continuare
312 1701 448 1772 potando,
470 1701 539 1756 nulli
561 1705 702 1773 probrum.
746 1704 883 1768 Crebrae,
904 1711 934 1760 ut
948 1703 990 1760 in·

124 1805 168 1858 ter
183 1801 363 1863 vinolentos,
384 1799 474 1867 rixae,
495 1816 558 1856 raro
582 1799 738 1864 conviciis,
758 1801 874 1871 saepius
898 1803 990 1858 caede

124 1903 154 1956 et
168 1900 338 1956 vulneribus
353 1899 557 1970 transiguntur.
599 1900 657 1954 Sed
672 1905 701 1954 et
715 1898 752 1953 de
767 1899 990 1958 reconciliandis

122 1997 255 2054 invicem
284 1996 412 2053 inimicis
432 2001 461 2052 et
486 1997 640 2070 iungendis
668 1997 864 2054 adfinitatibus
885 2010 916 2055 et
942 2002 990 2058 ad·

122 2096 286 2154 sciscendis
320 2095 514 2166 Principibus,
533 2097 570 2151 de
594 2104 667 2167 pace
697 2097 822 2170 denique
845 2114 880 2154 ac
905 2101 992 2167 bello,

123 2199 293 2270 plerumque
311 2195 341 2251 in
355 2194 507 2250 conviviis
526 2197 712 2250 consultant:
745 2201 890 2268 tamquam
913 2201 993 2255 nullo

123 2296 217 2367 magis
243 2301 372 2364 tempore
397 2293 501 2349 autad
523 2292 671 2364 simplices
685 2294 881 2364 cogitationes
895 2303 992 2366 pateat

123 2397 250 2460 animus,
284 2399 334 2449 aot
364 2393 402 2448 ad
436 2409 557 2464 magnas
586 2391 757 2450 incalescat.
819 2394 901 2452 Gens
933 2415 993 2454 non

124 2569 212 2625 virtuti,
229 2582 274 2614 nco
290 2566 377 2621 sceleri,
394 2565 479 2614 dntunn
511 2566 584 2613 Recte
595 2566 653 2614 enim
668 2567 705 2614 lea
720 2568 802 2620 Sallen,
818 2568 866 2615 Tit.
877 2569 953 2617 XVll.
966 2573 994 2619 ds

124 2627 332 2684 Eupolinticnt'dm,
352 2626 394 2683 leg.
414 2641 434 2670 e.
465 2625 492 2670 st
509 2627 559 2684 quir
572 2626 681 2672 hominem
703 2632 816 2674 mortuum
838 2629 956 2684 eusndr'erit
974 2636 994 2676 et

124 2685 277 2744 apolinarem,
296 2699 366 2730 uana.
383 2699 556 2737 rnvanrcurrn,
574 2699 642 2730 tritu.
659 2685 699 2744 qui
713 2685 808 2740 suriunt
822 2688 884 2733 solid.
903 2704 921 2733 c.
939 2690 994 2736 Gal·

125 2745 182 2792 lieno
200 2753 305 2794 monetae
320 2743 386 2789 librar
408 2746 468 2795 tato,
490 2743 607 2798 culpabilis
616 2743 739 2802 judicetur.
763 2746 802 2801 leg,
822 2749 843 2791 3.
875 2747 907 2792 Et
923 2755 994 2802 postea

124 2816 228 2862 parentes
237 2801 339 2858 defuncti
348 2800 451 2858 judicem
464 2816 543 2858 rogare
552 2802 636 2855 debent,
652 2806 676 2847 at
686 2802 850 2850 interliniales
859 2820 903 2852 nun
913 2807 995 2854 tricini

125 2868 204 2914 auem
214 2862 303 2908 reruni
309 2877 320 2916 ,·
334 2866 354 2905 et
362 2861 401 2918 pai
411 2862 433 2906 ei
440 2861 558 2916 turpilium
568 2860 660 2914 dederit,
671 2866 787 2918 nnteqrum
795 2865 922 2918 parentibus
934 2867 994 2912 sutis·

117 2922 202 2978 sociat.
214 2936 249 2966 oc.
262 2921 312 2966 den.
330 2919 369 2978 qui
375 2920 470 2977 faciunt
483 2919 547 2966 solid.
565 2933 604 2964 xv.
636 2918 738 2965 Gallicae
753 2928 855 2968 monetae
865 2923 934 2970 llbrar
946 2929 994 2981 isc,

128 2981 248 3038 culpabilis
257 2978 382 3036 judicetur.

158 3057 207 3104 Ner
226 3057 277 3102 doto
297 3056 418 3116 imputant}
449 3055 498 3102 Nec
516 3055 613 3112 acceptis
629 3053 764 3112 obligantur.
797 3055 834 3101 llo
851 3057 995 3107 barbarorum

127 3130 215 3170 atores,
233 3130 263 3162 eo
271 3115 329 3162 vita.
361 3115 416 3175 lpsis
426 3129 492 3160 unrnn
503 3123 587 3168 votnm,
598 3129 641 3160 tuta
651 3113 766 3170 cogitatio,
779 3128 898 3163 claranus.

158 3194 230 3241 Diem
244 3187 378 3254 martemque]
410 3193 448 3238 Vti
464 3197 488 3238 ct
506 3193 535 3238 de
552 3193 622 3238 Persis
639 3191 764 3251 Xenophon
783 3183 859 3238 scribit
875 3194 898 3240 in
914 3195 998 3242 Pnedia

129 3252 194 3300 vlit.
210 3257 230 3297 il.
247 3259 355 3297 extremo.
375 3251 412 3312 qni
432 3253 511 3298 mirum
530 3251 638 3308 (studiose
652 3249 711 3293 enirn
729 3251 805 3294 notavi
822 3259 845 3294 et
859 3255 998 3309 comparavi)

145 3327 195 3358 narn
206 3311 346 3380 in'plernqrre
357 3310 417 3357 omni
427 3311 514 3357 ratione
524 3308 594 3364 uitae,
603 3309 704 3354 immoet
711 3306 795 3363 lingua,
803 3307 941 3352 consentiunt
950 3321 1003 3351 suto.

167 3385 259 3416 rmauu.
291 3369 355 3424 nen.

169 3449 242 3492 τοι.
263 3447 317 3490 ιιι.
599 3418 653 3476 ³2*
