2096 3840
398 269 478 317 cnr.
503 249 671 316 21.-2a.
711 273 716 312 z
922 245 969 314 77

98 423 170 482 ansi.
185 473 188 476 .
201 421 404 499 ponendisque
445 425 563 497 insuper
593 422 723 482 castetiis
755 422 880 496 spatium
907 422 970 482 tuit.

102 525 295 582 Adnotabant
311 522 408 596 periti,
422 539 481 580 non
496 521 583 580 atium
608 524 729 580 Ducem'
742 523 970 596 opportunitates

99 623 229 680 iocorum
253 621 416 694 sapientius
445 623 568 696 legisse:
588 624 699 678 natium
713 625 750 678 ab
770 621 909 695 Agricola
923 636 971 693 po-

100 721 187 778 situm
211 723 369 778 castelium
401 727 450 777 aut
476 721 506 776 ri
528 721 654 777 bostium
689 727 896 794 expugnatum,
921 723 971 776 aut

100 821 235 892 pactione
267 827 316 876 aut
339 822 406 893 iuga
433 822 587 877 desertum.
639 820 766 876 Crebrae
794 820 969 890 eruptiones.

100 935 165 976 nam
179 921 324 976 adversus
344 935 437 976 moras
465 917 624 974 obsidionis
639 919 743 974 annuis
762 917 855 990 copiis
880 915 970 974 firma·

99 1017 210 1076 bantur.
232 1019 277 1074 ita
290 1017 436 1089 intrepida
450 1017 492 1074 ibi
507 1018 609 1084 biems,
623 1023 653 1073 st
674 1017 730 1074 sibi
755 1017 874 1092 quisque
890 1033 971 1088 prae·

98 1117 179 1182 sidio,
195 1117 292 1174 inritis
305 1119 444 1180 hostibus,
459 1135 552 1190 eoque
566 1117 795 1189 desperantibus,
810 1119 875 1193 quia
888 1115 969 1174 soliti

100 1219 267 1291 pierumque
281 1218 388 1272 damna
400 1217 518 1272 aestatis
531 1216 658 1272 hibernis
667 1217 819 1274 eventibus
834 1233 967 1290 pensare,

99 1321 157 1372 torn
186 1323 301 1372 aestate
327 1322 413 1389 atque
443 1316 539 1371 hieme
564 1315 648 1372 iuxta
670 1318 857 1389 potiebantur.
900 1318 967 1372 Nec

100 1415 241 1486 Agricola
256 1431 390 1488 umquam
415 1432 465 1486 per
492 1415 564 1470 aiios
579 1422 660 1488 gesta
675 1417 778 1472 avidus
793 1414 965 1488 intercepit:

98 1531 146 1572 seo
181 1514 335 1581 centurio,
367 1531 418 1570 seo
461 1515 637 1580 Praefectus,
672 1515 868 1588 incorruptum
896 1513 966 1570 iacti

99 1618 201 1670 testem
231 1614 365 1669 habebat.
423 1614 508 1685 Apud
533 1616 669 1686 quostiam
694 1614 824 1671 acerbior
847 1615 877 1670 in
899 1629 967 1669 con·

98 1713 184 1768 viciis
198 1715 377 1778 narrabatur,
398 1717 428 1767 ut
448 1712 530 1768 bonis
545 1713 646 1778 comis,
660 1713 701 1769 ita
715 1715 854 1768 adversus
875 1713 966 1768 matos

97 1809 290 1867 iniucundus:
319 1817 448 1867 ceterum
473 1829 511 1866 ex
540 1811 689 1867 iracundia
708 1812 780 1866 nihii
808 1816 964 1882 supererat.

96 1917 240 1966 moretum
269 1917 299 1964 et
323 1910 470 1965 sitentium
495 1909 556 1966 eius
580 1927 638 1966 non
662 1909 788 1965 timeres.
813 1909 963 1966 honestius

95 2012 215 2080 putabat
226 2008 382 2075 offendere,
397 2026 480 2082 quam
502 2009 607 2064 odisse.

135 2109 247 2179 Qoaua
259 2113 354 2162 aestas
366 2109 540 2173 obtinendis,
552 2125 624 2182 quae
637 2114 822 2180 percurrerat,
837 2109 963 2180 insump·
974 2102 1016 2160 23

94 2211 133 2264 ta.
165 2225 213 2274 ac,
233 2207 258 2262 si
288 2207 378 2263 virtus
412 2208 592 2262 exercituum
617 2213 645 2263 et
684 2208 808 2264 Romani
836 2208 962 2264 nominis

92 2306 185 2380 gioria
203 2311 356 2377 pateretur,
376 2305 515 2362 iuventus
543 2305 572 2361 in
593 2307 656 2377 ipsa
680 2307 833 2362 Britannia
867 2306 962 2364 termi-

92 2421 155 2462 nus.
200 2405 277 2460 Nam
304 2405 389 2459 Clota
411 2411 440 2460 et
456 2403 604 2470 Bodotria,
631 2405 740 2460 diversi
768 2407 854 2470 maris
876 2405 960 2461 aesti-

94 2504 146 2559 bus
168 2521 219 2574 per
235 2503 398 2558 inmensum
423 2509 568 2566 revectam,
580 2512 702 2577 angusto
716 2510 853 2560 terrerum
865 2503 959 2574 spatio

90 2601 273 2660 dirimuntur.
303 2603 378 2675 quod
400 2608 460 2660 tuor
484 2603 635 2675 praesidiis
660 2597 843 2660 firmabatur:
872 2611 961 2677 atque

119 2777 237 2838 Perticae]
269 2776 397 2826 Deditione.

90 2855 208 2964 8¹‘littaris
227 2858 304 2918 nawa]
339 2861 403 2906 Anno
419 2841 486 2906 Urbis
503 2859 606 2906 conditae
624 2873 767 2906 ccccxxxiv.
808 2860 863 2906 Jesu
872 2858 956 2906 Christi

119 2993 263 3055 obtinendis]
295 2995 330 3042 Ea
339 2994 444 3052 obtinuit,
453 3000 559 3044 firmando
569 2997 693 3059 praesidiis.

119 3073 184 3120 Clota
194 3077 215 3118 et
232 3073 346 3133 Bodotria]
377 3075 452 3130 Clota,
470 3091 525 3122 nitor
537 3077 585 3122 Tar
593 3077 654 3122 river
668 3077 757 3134 Otpde:
774 3078 888 3132 Bodotria.
908 3077 958 3125 rte

89 3131 165 3176 atra.
209 3132 463 3186 Etiotereorutnostia,
481 3137 550 3182 urbes'
563 3137 699 3184 Boubastos
717 3143 740 3182 et
756 3137 893 3193 nertstert
931 3140 955 3185 ln
1034 3155 1035 3160 ¹

92 3191 174 3244 Sectis,
194 3197 270 3236 tantus
289 3198 322 3236 est
347 3193 427 3239 diversi
450 3195 522 3250 trieris,
541 3196 658 3240 Caledonir
686 3211 765 3256 nempe
787 3202 809 3241 et
829 3195 956 3244 Germanici

90 3256 206 3298 aestuant
218 3249 364 3296 hicinrerrtus
379 3253 450 3296 suisset
472 3254 581 3300 beiionttn
598 3268 624 3298 ac
642 3255 798 3300 dominationis
813 3255 926 3314 terminus,
938 3256 958 3304 si

13 3339 14 3348 .
91 3307 159 3354 virtus
169 3309 305 3354 exercituum
317 3315 339 3353 rt
349 3309 443 3356 Rotnani
454 3313 548 3360 nominis
558 3312 631 3370 gioria
640 3315 690 3358 tices
700 3319 822 3374 pateretur.

121 3385 244 3432 Praesidio
254 3385 404 3448 firmabatur]
438 3389 551 3438 Praesidio
570 3391 610 3436 itta
629 3395 743 3436 tenueras
760 3392 836 3438 Clota.
846 3391 883 3436 obi
899 3407 960 3438 nunc

91 3443 135 3490 Old
146 3445 206 3492 Kirk
216 3445 316 3501 Pataita,
327 3447 355 3492 ad
368 3447 504 3503 Bodotriam,
523 3449 561 3494 obi
580 3463 635 3494 nunc
652 3451 719 3492 ferme
732 3453 851 3493 Abercorn,
869 3464 908 3504 per
918 3450 958 3494 tri·

88 3503 150 3561 ginta
159 3508 244 3564 septem
253 3505 324 3550 miliia
335 3519 444 3565 passuum.
470 3508 507 3554 Sic
517 3505 589 3552 omnis
599 3505 688 3563 propior
697 3505 754 3550 sinus
764 3501 891 3548 tenebatur.

130 3601 199 3644 vor..
222 3603 269 3642 nr.
551 3579 596 3636 Ἰ*
