2058 3800
109 232 158 300 34
324 245 473 298 uma
496 245 690 296 cananea

10 399 17 452 l
109 398 912 456 mmmmmmsconlmersn're

108 487 464 546 Malamantos.

141 660 185 710 ti.
204 656 319 709 Maacns
337 655 474 712 visseins.
492 655 594 708 Julian
605 669 719 708 nantem
735 671 806 708 anno
818 655 856 707 U.
876 655 910 711 C.

108 759 275 798 accunvr.
297 743 344 796 Bis
354 745 455 800 ennsnl.
468 759 572 796 veneno
586 744 747 794 Messalinae
759 747 912 810 interemp-

108 836 152 884 sss
163 839 205 882 est
218 845 287 882 anno
308 827 344 880 U.
363 827 536 880 C.ncc1crx.
560 827 665 880 Vinicio
677 829 911 894 compendiariam

107 923 137 970 ct
149 919 375 986 elegantissimam
389 915 545 972 Historiam.
558 914 605 968 sed
626 914 784 968 adulatoriis
801 916 909 968 Tiberii

107 1019 140 1056 ac
153 1006 239 1071 Seiam
261 1002 382 1055 laudibus
401 1002 496 1054 falsam
515 1017 548 1052 ac
571 1001 694 1066 putidam
714 1000 820 1052 dicarit
846 1001 910 1053 Vel·

108 1091 176 1142 lcins
204 1089 371 1142 Patercnlna.
397 1088 490 1140 Tacit.
519 1089 617 1139 Annal.
644 1103 683 1147 ri.
710 1089 752 1137 15.
784 1087 838 1139 Dio
860 1102 908 1140 u.

109 1189 169 1241 pag.
187 1175 247 1224 m.

140 1344 232 1402 Livia.
263 1344 338 1396 dicta
366 1361 473 1413 quoqne
499 1344 628 1403 Liviana,
652 1343 770 1396 Neronis
800 1343 907 1399 clandii

105 1427 184 1482 Drusi
195 1437 226 1482 et
244 1432 379 1482 Antoniae
403 1431 513 1481 minoris
534 1429 746 1488 filialiter-Caii
772 1435 803 1480 et
829 1430 908 1483 Drusi

104 1516 259 1570 Caesamm
281 1517 322 1571 lle
334 1520 384 1570 hac
395 1518 539 1569 ambitiosa
551 1515 764 1569 lerninadictnln
773 1522 819 1569 est
828 1533 909 1585 supra

104 1617 179 1656 anm.
192 1607 235 1656 71.

141 1775 226 1828 Garns
242 1775 361 1834 Gaasaa.
374 1776 511 1844 Agrippae
533 1779 565 1829 et
583 1775 673 1828 Jnliae
691 1775 769 1836 lilins,
791 1777 908 1828 naritm

108 1861 212 1916 Liviae.
226 1863 313 1930 Supra
323 1877 396 1914 nom.
412 1866 455 1914 lli.
513 1879 516 1884 ·

142 2032 248 2086 Dansns
265 2031 384 2092 Cassan,
404 2033 509 2085 'liberfi
531 2032 705 2098 imperatoris
723 2037 753 2084 et
774 2033 906 2102 Agrippi·

106 2131 157 2170 aae
169 2117 245 2176 filins,
267 2117 359 2170 triviae
372 2119 493 2170 maritus.
528 2117 570 2169 De
585 2120 640 2170 troc
663 2117 766 2170 infelici
786 2118 904 2170 Caesare

107 2205 210 2272 agimus
222 2219 302 2269 snpra
313 2219 387 2254 nnm.
400 2206 442 2254 70.

140 2373 200 2424 too.
218 2370 354 2422 Tantalus
371 2351 511 2424 Cnannrns
527 2372 634 2425 Danam
650 2371 838 2427 craumers
858 2391 905 2427 ιι-

65 2461 66 2464 ’
105 2471 235 2510 raasson
251 2472 277 2515 v.
296 2453 414 2507 Neronis
425 2455 530 2510 Claudii
549 2457 628 2510 Drusi
644 2464 675 2510 et
696 2461 834 2512 Antoniae
854 2462 905 2513 ani·

104 2547 175 2596 noris
187 2543 265 2600 filins.
283 2542 438 2595 Germanici
459 2543 550 2602 frater,
564 2543 691 2612 Lugduni·
705 2551 784 2597 natus
805 2546 904 2598 Kalen·

105 2630 146 2684 slis
170 2631 290 2699 Augusti.
312 2645 381 2682 anno
405 2629 439 2682 U.
458 2629 489 2681 G.
511 2647 639 2682 oceanis.
666 2631 739 2684 Puer
761 2633 852 2687 animo
875 2639 906 2688 et

105 2732 217 2782 corpore
241 2719 380 2768 hebetato.
416 2715 545 2782 Princeps
574 2732 643 2768 anno
668 2715 702 2767 U.
721 2715 753 2767 C.
775 2733 904 2778 necron,

104 2805 226 2869 imperiis
246 2809 386 2873 conjugum
410 2811 438 2856 et
466 2805 624 2856 libertorum
650 2805 739 2870 patuit
761 2807 903 2858 obnoxius.

106 2885 218 2940 Veneno
240 2890 403 2956 Agrippinae
423 2890 549 2940 occubuit
562 2889 688 2956 inglorius
707 2891 820 2941 tertium
840 2896 906 2943 ante

105 2971 163 3028 illus
187 2972 313 3024 Octobris
337 2987 405 3024 anno
432 2972 466 3023 U.
490 2973 521 3024 C.
546 2989 665 3025 ncccvrr.
695 2973 761 3026 Post
784 2981 903 3030 mortem

106 3058 212 3110 relatus
229 3063 272 3110 est
292 3059 365 3109 intes
384 3056 475 3118 Diras,
499 3063 529 3110 et
548 3074 565 3110 a
584 3058 689 3112 Seneca
707 3059 803 3122 acrius,
823 3077 907 3129 quana
