2062 3824
129 277 153 342 2
174 271 179 287 ⁴
338 297 486 346 sununs
512 287 704 348 causantur

120 449 209 502 salicis
222 449 250 500 iu
261 451 364 516 campis
377 449 425 502 Cn.
445 450 568 519 Pompeii
590 451 681 520 Magni
695 454 790 510 victor,
809 453 915 514 Romae,

122 543 254 590 terrarum
278 536 411 597 dominae,
437 538 581 605 imperavit
606 555 674 592 anno
706 537 743 590 U.
772 539 804 591 0.
831 555 917 592 nourr·

123 621 306 680 Quadriennio
327 627 396 692 post,
417 639 434 674 a
454 623 493 674 M.
515 623 610 684 Bruto,
630 623 662 676 C.
683 623 782 684 Cassio.
808 626 917 692 aliisque

120 711 275 778 conjuratis,
298 707 387 760 idibus
411 709 515 762 Martiis
539 713 602 762 anni
615 709 651 762 U.
663 709 694 762 C.
717 725 796 771 nccx,
817 713 917 763 occisus

122 799 175 848 est.
214 793 262 846 Vir
286 793 464 847 Romanorum
489 797 629 855 maximus,
643 800 673 847 et
698 795 776 846 lande
800 795 919 864 dignissi-

122 895 189 940 mus,
215 880 275 939 nisi,
311 879 381 948 quod
405 893 536 932 summum
562 885 605 932 est
636 883 662 932 in
692 881 778 933 libera
806 881 920 932 civitate

121 970 233 1026 crimen,
247 969 404 1020 libertatern
426 966 597 1033 perdidisset.
634 966 735 1019 Mentis
755 968 918 1033 capacitate,

124 1053 206 1104 animi
219 1052 396 1110 sublimitate,
409 1052 554 1104 celeritate
567 1052 666 1119 ingenii
678 1067 758 1118 supra
777 1053 919 1104 humanam

120 1144 151 1192 et
164 1144 286 1190 naturam
299 1143 328 1190 et
341 1138 429 1198 fidem,
452 1145 574 1196 evectus,
595 1155 646 1191 non
667 1142 784 1206 patriam
804 1145 919 1201 tantum,

120 1223 167 1276 sed
191 1227 280 1276 totum
300 1229 433 1276 terrarum
456 1225 551 1277 orbem
573 1226 652 1277 rebus
675 1226 813 1292 praeclare
836 1227 920 1292 gestis

118 1310 279 1362 illustrarit.
328 1309 370 1361 Ad
393 1311 505 1378 gloriam
533 1316 634 1369 tamen,
660 1312 802 1370 incertum,
828 1327 862 1362 an
886 1311 920 1364 ad

117 1397 222 1468 generis
247 1399 354 1450 humani
379 1398 503 1466 injuriam
527 1403 614 1456 natus.
639 1399 696 1466 qui'
709 1399 815 1449 nolletis
839 1398 920 1465 signis

117 1482 292 1552 quinquagies
304 1482 453 1542 dimicavit,
473 1489 513 1540 et,
530 1487 640 1550 praeter
652 1483 785 1535 bellorum
797 1483 920 1548 civilium

114 1574 219 1638 strages
239 1567 366 1622 undecies
387 1574 502 1620 centena
521 1573 551 1620 et
573 1584 631 1620 xcii
651 1583 683 1628 n.
703 1569 840 1620 hominum
853 1567 921 1639 l*)a

114 1671 143 1708 se
155 1657 243 1708 occisa
254 1657 363 1723 proeliis
377 1656 435 1722 ipse
458 1655 586 1723 prodidit.
608 1655 727 1708 Macrob.
749 1655 885 1708 Saturnal.
900 1671 919 1717 s,

116 1743 157 1793 12.
173 1740 243 1793 Vell.
257 1741 394 1794 Patercul.
411 1757 441 1799 rr,
456 1745 484 1792 41
500 1745 530 1792 et
544 1757 619 1808 seqq.
633 1740 702 1792 Pliu.
716 1757 767 1800 vu,
780 1743 825 1792 25.
927 1809 929 1814 Δ

149 1827 180 1880 ln
193 1829 307 1880 nummis
318 1829 472 1895 appellatur
484 1826 595 1879 Caussa
609 1843 670 1878 rur.
683 1842 739 1878 cos.
752 1843 816 1880 sve.
830 1843 915 1879 nour.

114 1929 186 1965 ιω.
206 1929 281 1965 uror.
301 1927 383 1965 asar.
404 1911 502 1964 Cursus
525 1912 678 1978 imperator,
690 1903 795 1972 'suomi
820 1927 914 1977 augur,

110 1997 234 2066 pontifex
253 1997 394 2058 mutnus,
411 1998 521 2050 dictator
537 2003 670 2064 perpetuu
708 1995 774 2049 Post
796 2005 914 2051 mortem
1018 2031 1019 2054 ι

116 2097 195 2135 uiros
214 2083 258 2135 vel
271 2098 351 2134 nrvvs
363 2081 471 2135 lvnrvs.

147 2259 173 2306 d.
185 2253 328 2315 cossurus,
348 2269 414 2307 uxor
438 2253 569 2317 Caesaris,
585 2228 694 2308 ¹lamilia
716 2255 846 2322 equestri,
868 2253 915 2306 sed

112 2339 254 2392 admodum
266 2339 350 2391 dives.
370 2340 479 2394 Caesari
502 2340 587 2392 adhue
599 2344 774 2408 praetextato
798 2339 914 2407 despon-

112 2432 180 2490 sata,
194 2433 290 2494 postea
302 2425 421 2478 dimissa.
435 2431 546 2480 sueton.
560 2429 586 2479 in
598 2427 653 2480 lul.
665 2425 743 2478 Caes.
758 2442 777 2477 ι.

143 2601 169 2652 ὅ.
182 2599 339 2658 Continuis,
352 2597 454 2651 Cinnae
466 2603 562 2668 quater
581 2599 696 2652 consulis
716 2597 779 2656 filia,
794 2597 914 2652 secunda
969 2590 971 2594 ’

109 2701 176 2738 uxor
188 2685 309 2737 Caesaris
320 2701 327 2742 ε
348 2699 427 2753 quam
437 2691 467 2736 ut
480 2682 636 2750 repudiaret
648 2697 664 2736 a
675 2683 811 2735 dictatore
824 2683 910 2749 Sylla,

108 2789 197 2840 neque
222 2787 278 2840 spe,
302 2787 390 2840 neque
415 2775 490 2823 metu
514 2785 630 2838 unquam
654 2769 782 2837 compelli
808 2769 910 2836 potuit.

108 2857 280 2917 Defunctum,
293 2873 354 2909 cum
367 2863 493 2926 quaestor
504 2861 585 2914 esset,
605 2871 654 2922 pro
664 2855 759 2908 rostris
776 2853 909 2908 laudavit.

109 2946 220 2998 Sueten.
234 2946 261 2995 in
272 2943 327 2996 Jul.
342 2959 352 2995 ι
366 2952 396 2996 et
408 2959 447 2996 vr.
460 2943 596 2996 Plutarch.
611 2946 637 2995 iu
649 2942 704 2995 Jul.
719 2958 779 3011 pag.
793 2945 853 2994 ⁷⁰⁷.

137 3082 172 3140 (θ)
190 3081 222 3127 Ut
239 3080 305 3136 vulgo
314 3079 428 3126 scribimus
446 3083 561 3134 hillidio
578 3080 698 3128 hominurn.
730 3077 863 3126 Plutarchus
881 3077 907 3126 in

107 3141 197 3188 Caesar.
215 3153 264 3198 pag.
276 3143 326 3185 715.
338 3139 371 3183 ait
379 3139 463 3185 lulium
473 3140 565 3186 diuersis
584 3140 718 3200 temporibus
727 3137 788 3194 sigua
798 3135 907 3184 contulis-

105 3213 129 3245 se
139 3214 187 3243 cuins
209 3199 281 3243 tricies
300 3199 397 3242 centenis
415 3198 519 3253 millibus,
538 3201 663 3258 3,0⁰0‚000,
674 3196 804 3255 homiuum
819 3195 906 3256 decies,

108 3259 231 3317 inuuunt,
243 3255 384 3314 interfecisse,
395 3257 488 3308 totidem
499 3257 591 3317 cepisse.
