2062 3824
73 154 79 165 ,
105 117 125 154 ·1

87 207 177 301 124Ι
274 225 322 274 nc
350 224 580 274 oasrcarsvs
607 223 785 274 nracoors

9 443 10 452 ¹
83 386 128 439 tus
142 401 149 438 z
170 385 201 438 et
215 398 266 454 pro
280 379 418 438 memoria
432 379 490 438 mei
505 397 560 438 nec
573 382 707 438 consulat
720 379 882 454 quisquam,
895 395 952 436 nec

8 486 9 560 i
83 485 174 553 roget.

8 565 72 640 fl4
123 579 254 636 Vixdum
283 578 395 638 finierat
424 577 583 642 Maternus,
618 576 783 636 concitatus
811 581 842 633 et
869 577 953 634 velut

82 678 259 746 instinctor,
280 695 345 734 com
361 679 522 749 Vipstanus
550 678 677 734 Messala
698 677 864 734 cubiculum
890 678 953 734 eius

82 777 229 852 ingressus
273 787 327 841 eet,
358 777 575 850 suarticatusque
608 795 646 834 ex
681 777 744 848 ipsa
785 776 952 833 intentione

83 877 269 951 singulorum,
303 876 434 933 altiorem
468 875 544 932 inter
577 893 628 932 eos
661 893 725 930 erse
766 891 950 931 sermonem:

84 977 162 1034 Num
180 979 277 1050 parmd
292 975 490 1046 tempestivus,
511 975 613 1046 inquit,
636 974 791 1037 interveni,
805 982 951 1032 secretum

83 1077 238 1132 consitium
253 1081 282 1132 et
294 1093 413 1131 caussae
433 1075 556 1131 aticuius
580 1073 800 1130 meditationem
825 1077 952 1130 tractan-

7 1171 9 1184 '
83 1171 183 1231 tibus?

123 1271 258 1336 Minime,
292 1269 422 1334 minime,
448 1269 542 1342 inquit
570 1271 731 1336 Secundus,
756 1273 842 1344 atque
876 1269 952 1326 adeo

83 1371 191 1427 veliem
212 1369 349 1426 maturius
371 1368 587 1426 intervenisset.
611 1370 785 1426 delectasset
813 1368 893 1424 enim
921 1373 951 1426 tc

83 1474 111 1526 et
130 1468 203 1542 Apri
218 1468 307 1526 nostri
322 1467 555 1524 adroratissimut
569 1485 672 1530 sermo,
687 1485 753 1525 cum
775 1467 953 1538 Maternum,

82 1573 115 1624 nt
147 1585 234 1624 omne
265 1566 414 1639 ingenium
449 1585 484 1624 ac
515 1567 641 1624 studium
672 1583 755 1624 suurn
775 1568 811 1624 ad
833 1583 952 1624 caussas

81 1667 211 1741 agendus
224 1673 418 1734 converteret,
441 1667 611 1722 exhortatus
625 1672 679 1732 est,
694 1674 721 1722 et
746 1666 874 1723 Materni
900 1681 952 1738 pro

82 1767 257 1824 carminibus
272 1767 331 1822 suis
347 1769 431 1827 tacte,
451 1773 538 1840 utque
559 1773 658 1838 poetas
679 1763 797 1844 defendi
817 1765 952 1832 decebat,

82 1867 243 1935 audentior,
274 1871 304 1924 et
333 1871 482 1941 poetarum
515 1881 601 1940 quam
640 1875 785 1922 oratorum
819 1863 952 1932 similior,

81 1966 183 2023 oratio.

123 2063 175 2122 Me
192 2082 261 2122 vero
284 2063 388 2137 inquit,
403 2068 433 2120 et
456 2079 551 2124 sermo
572 2062 635 2136 ipre
658 2061 773 2120 infinita
798 2062 952 2134 voluptate

82 2163 246 2230 adiecisset,
270 2167 356 2236 atque
375 2161 406 2218 id
428 2161 522 2234 ipsum
543 2163 680 2228 deiectat,
703 2163 779 2236 quod
804 2179 866 2227 voe,
894 2161 951 2220 viri

82 2265 184 2336 optimi
201 2269 230 2319 et
246 2268 404 2333 temporum
420 2268 578 2318 nostrorum
599 2268 735 2328 oratores,
758 2277 815 2318 non
832 2259 952 2320 sorensi·
1024 2333 1025 2336 Ἴ

82 2363 135 2420 bus
150 2368 261 2419 tantum
281 2359 406 2433 negotiis
431 2365 460 2416 et
484 2360 692 2419 declamatorio
713 2359 809 2416 studio
831 2357 953 2432 ingenia
1024 2345 1025 2353 ἵ

83 2467 181 2518 restra
204 2459 359 2526 exercetis,
384 2461 434 2516 sed
457 2459 599 2516 eiusmodi
626 2459 714 2516 etiam
738 2458 953 2530 disputationes

83 2560 250 2636 adiungitis
265 2577 338 2634 quae
353 2567 381 2615 et
397 2559 547 2632 ingenium
569 2561 659 2623 alunt,
675 2566 704 2614 et
729 2557 901 2614 eruditionis
921 2561 959 2628 ei¹

83 2659 241 2716 litterarum
256 2658 494 2716 iucundissImum
505 2659 760 2725 oblectamentum,
774 2673 841 2714 cum
857 2657 953 2724 vobis,

82 2759 131 2834 qui
151 2757 202 2815 itta
222 2757 385 2832 disputatis,
408 2757 546 2819 adierunt,
562 2761 620 2811 tum
636 2755 725 2812 etiarn
746 2756 800 2820 his,
820 2757 857 2812 ad
884 2773 953 2830 quo·

83 2875 144 2914 rum
160 2874 242 2914 aures
257 2856 451 2931 pervenerint.
494 2855 595 2927 itaque
627 2855 755 2912 Hercule
776 2871 834 2911 non
856 2855 954 2912 minus

83 2956 196 3029 probari
225 2951 312 3014 video
336 2957 366 3014 in
390 2961 428 3019 te,
453 2955 598 3020 Secunde,
622 2955 707 3027 quod,
729 2953 796 3010 tutti
825 2953 954 3012 Asiatici

83 3055 175 3111 vitam
199 3056 411 3127 componendo,
435 3070 516 3125 spem
538 3051 812 3109 hominibus-fecisti
827 3054 954 3124 plurium

83 3154 225 3210 eiusmodi
246 3155 392 3218 librorum,
416 3167 500 3224 quam
524 3154 556 3208 in
576 3153 666 3224 Apro,
690 3153 766 3224 quod
791 3154 955 3209 conduma
1022 3173 1023 3200 t

114 3309 161 3354 Nec
169 3304 400 3365 eonrtrlotpuirquum,
410 3317 449 3348 nec
458 3305 527 3363 roget]
545 3303 652 3349 Consulat
661 3308 731 3358 vates,
742 3308 806 3360 roget
814 3303 954 3365 Principem.

84 3368 143 3417 Quid
160 3369 211 3415 ita?
227 3365 278 3424 quin
295 3365 406 3415 crebrum,
426 3367 451 3406 ut
466 3362 574 3408 memoria
589 3363 733 3409 damnaretur
750 3362 917 3423 detunctorum,
933 3363 957 3411 id

84 3431 125 3482 est,
135 3425 203 3484 tituli,
214 3423 329 3482 imagines,
340 3422 442 3468 honores.
473 3420 536 3476 Lips.
