2062 3824
84 167 132 234 98
208 179 211 186 ’
317 189 405 238 rvnu
432 187 666 238 nonin-vrrs

10 321 11 370 ³
82 343 166 400 colae
192 341 347 401 consilinm
361 346 470 410 deerat,
497 361 554 402 nec
577 342 750 406 Domitiano
772 347 956 419 exemplum.
1020 349 1021 416 Ξ

83 444 246 500 Accessere
266 443 383 517 qnidam
391 443 601 516 cogitationum
616 442 762 515 Principis
777 444 874 515 periti,
894 445 958 519 qui,
1020 451 1021 526 J

81 541 210 598 iturusne
234 548 311 598 esset
325 541 355 598 in
372 541 564 613 provinciam,
578 542 654 598 ultro
679 541 850 614 Agricolam
865 542 959 600 inter·
1020 527 1021 584 ἦ

82 645 223 714 rogarent.
244 657 280 696 ac
294 640 386 712 primo
399 640 542 696 occultius
561 639 689 713 quietem
703 646 734 696 et
747 641 840 696 otium
854 642 957 698 landa·

81 756 121 804 re,
143 757 210 796 mox
234 755 351 811 operam
375 755 456 794 suam
492 738 522 794 in
548 738 734 806 adprobanda
756 739 954 796 excusatione

81 838 200 894 offerre:
224 845 367 909 postremo
382 853 438 892 non
453 835 511 894 iam
539 837 664 900 obscuri,
687 837 842 894 suadentes
864 839 954 896 simul
1020 899 1021 906 χ

81 921 287 1009 terrentesque,
301 941 467 1008 pertraxere
482 936 517 990 ad
535 935 744 992 Domitianum.
766 937 815 1010 qui
834 941 954 1009 paratus

79 1035 268 1092 simulationi.
298 1034 328 1090 in
357 1033 555 1105 adrogantiam
580 1035 767 1106 compositus,
796 1041 826 1092 et
858 1035 954 1094 audiit
1020 1021 1021 1060 ³

80 1151 182 1206 preces
194 1134 370 1196 excusantis,
386 1139 426 1199 et,
440 1149 506 1188 curn
531 1132 690 1200 adnuisset,
710 1135 758 1206 agi
772 1133 828 1190 sibi
839 1134 953 1208 'gratias

81 1249 180 1305 passus
204 1237 267 1286 est:
289 1248 344 1288 nec
372 1230 485 1288 erubuit
499 1230 635 1286 beneficii
663 1231 786 1288 invidia.
812 1233 953 1290 salarium

80 1337 188 1397 tamen,
204 1330 405 1386 Proconsulari
430 1329 547 1386 solitum
568 1328 672 1396 offerri,
692 1337 721 1386 et
742 1331 914 1403 quibusdam
935 1347 955 1388 s
1020 1387 1021 1400 ,

79 1429 177 1500 seipso
187 1445 367 1491 concessum,
383 1427 539 1502 Agricolae
555 1428 728 1484 condedit:
750 1427 815 1484 sive
825 1429 954 1486 offensus

80 1546 139 1586 non
156 1528 284 1598 petitum,
304 1528 369 1584 slve
390 1545 428 1584 es
449 1527 641 1594 conscientia,
656 1545 702 1594 ne,
717 1529 792 1601 quod
809 1533 952 1596 vetuerat,
1020 1553 1021 1604 f

82 1626 229 1683 videretur
255 1627 368 1684 emisse.
411 1625 561 1697 Proprium
595 1625 714 1688 hnmani
750 1627 863 1700 ingenii
898 1633 954 1695 est,
1020 1613 1021 1688 ἶ

81 1727 187 1796 odisse,
206 1745 291 1802 quern
314 1724 449 1782 laeseris:
471 1724 635 1782 Domitiani
651 1743 722 1782 vero
746 1733 850 1782 natura
870 1745 951 1798 prae-

81 1841 151 1898 ceps
178 1817 208 1884 in
230 1827 312 1892 iram,
330 1830 370 1890 et,
390 1841 446 1897 quo
465 1822 623 1888 ohscurior,
644 1841 680 1880 eo
709 1824 950 1893 inrevocabilior,
1020 1843 1021 1880 1

83 1926 280 1982 moderatione
302 1932 398 1980 tamen
421 1921 628 1994 prudentiaque
650 1922 808 1994 Agricolae
824 1923 952 1980 lenieba-

83 2029 149 2079 tur:
170 2024 236 2096 qnia
258 2041 314 2078 non
336 2018 530 2084 contumacis,
559 2037 652 2093 nequa
683 2019 764 2078 inani
789 2020 952 2081 iactatione
1020 2023 1021 2100 Ῐ

83 2123 233 2186 libertatis,
255 2121 359 2176 lamam
382 2118 526 2190 latumque
548 2119 732 2190 provocabat.
757 2119 869 2184 Sciant,
890 2121 953 2194 qui·

83 2222 134 2277 bur
165 2220 251 2276 moris
271 2217 385 2274 inlicita
413 2215 520 2282 mirari,
551 2233 635 2287 posse
663 2215 751 2274 etiarn
782 2221 835 2274 snb
864 2218 952 2276 malis
1020 2253 1021 2262 κ

83 2317 266 2390 Principibus
287 2332 406 2388 magnos
438 2314 515 2370 viros
546 2331 630 2370 esse:
666 2315 892 2390 obsequiumque
913 2335 952 2376 ac
1020 2305 1021 2312 ἵ

82 2417 262 2483 modestiam,
282 2415 306 2471 si
326 2413 466 2470 industria
486 2429 522 2470 ac
553 2413 636 2486 vigor
663 2415 770 2481 adsint,
798 2433 835 2474 eo
856 2417 951 2474 laudis

109 2593 232 2654 Salarium]
264 2589 374 2639 Salarium
385 2589 439 2635 illnd
458 2587 523 2634 luisse
533 2587 607 2634 (lenies
620 2575 755 2646 rerteriium,
772 2590 876 2636 Gallicae
887 2605 951 2638 mon·
1020 2591 1021 2594 ’

81 2659 133 2699 elac
148 2654 216 2700 libres
234 2655 331 2706 winili,
350 2649 439 2694 virletnr
456 2662 482 2692 ex
502 2647 575 2692 Dione
594 2645 724 2706 lrxllVltr,
741 2664 790 2710 pag.
802 2653 852 2696 899.
886 2649 958 2696 Hanc

82 2715 141 2759 errirn
169 2727 283 2767 summanr,
307 2729 352 2762 oar
366 2727 427 2758 rrum
441 2725 479 2757 ser
504 2724 570 2755 sracrr
583 2709 696 2775 progredere,
719 2708 807 2754 Aufidio
832 2708 954 2767 Frontoni,
1020 2701 1021 2736 3

82 2790 130 2822 curn
142 2775 163 2819 ei
175 2774 243 2819 Asiae
255 2775 387 2834 africaeque
403 2774 570 2833 proconsulatus
585 2779 711 2829 negaretur,
722 2785 736 2816 a
752 2769 866 2823 Macrino,
878 2770 952 2830 liupe-
1020 2789 1021 2796 ι

82 2845 164 2881 rurore.
176 2833 274 2878 oblatam
286 2841 401 2878 memorat.

114 2915 234 2958 Videretnr
244 2913 329 2972 emisse]
361 2909 440 2956 Noluit
452 2907 593 2956 Domitianus
610 2907 681 2954 videri
691 2908 770 2954 emisse
784 2905 874 2956 salario.
893 2909 955 2968 qnod

81 2979 200 3020 vetuerat:
217 2988 268 3018 narn
280 2987 293 3016 a
303 2970 404 3029 Principe
416 2969 550 3020 veliternae
563 2967 665 3024 Agricola
675 2966 811 3028 provinciam
822 2967 906 3014 adiret.

111 3053 195 3102 Odisse,
216 3065 278 3108 quem
297 3047 393 3106 laeseris]
427 3047 450 3092 ld
463 3045 627 3102 niaxinreviqet
645 3045 835 3106 inpotentiorem
856 3045 952 3102 injuriis.

81 3113 149 3159 Unde
167 3111 258 3160 Seneca,
270 3110 298 3152 de
314 3109 357 3160 ira,
377 3108 404 3150 ll.
421 3108 456 3150 33.
489 3103 539 3148 Hoc
558 3105 637 3149 hubent
650 3105 768 3160 pessimum
788 3104 956 3162 onimirnugna

73 3173 175 3230 fortuna
185 3169 308 3216 insolentes,
319 3179 369 3222 qrros
379 3165 496 3212 laamas.
506 3169 527 3207 et
535 3165 637 3210 oderunt.
931 3171 935 3178 ·

111 3244 342 3306 anomsntnrnqne]
376 3242 400 3287 ld
420 3253 541 3300 precavere
553 3242 624 3298 inulti,
639 3241 676 3303 qui
685 3241 724 3286 sub
739 3240 830 3287 Nerone
839 3244 864 3286 et
874 3241 956 3288 Domi·

81 3309 143 3356 tiano
151 3307 232 3351 tisanam
243 3312 380 3360 mortenrqne
389 3313 547 3358 provocavere.

111 3387 200 3439 Quibus
209 3381 276 3428 moris
283 3382 321 3441 cst]
354 3377 439 3430 Quibus
448 3379 513 3446 moris
522 3383 556 3447 est
564 3377 653 3437 illicita,
662 3377 826 3425 contumaciam
836 3391 922 3444 nempe
929 3379 953 3424 et

83 3447 171 3496 inanem
181 3441 292 3489 libertatis
299 3440 451 3498 jactationem,
463 3451 546 3484 mnan.
