2062 3824
2 341 4 406 t
60 327 130 392 102
295 345 383 392 rvnn
410 345 532 394 asaro.
558 344 646 392 vrra

54 515 104 556 ere
118 497 288 556 Helvidium
302 498 491 556 incarcerans
506 515 623 556 manus:
638 515 692 556 nor
706 496 834 556 Maurici
848 498 925 556 llus-

55 598 163 671 ticique
183 598 304 665 divisus,
319 615 371 654 nos
386 598 536 656 innocenti
557 599 699 672 sanguine
717 599 846 655 Senecio
860 616 925 670 per·

54 695 136 756 ludit.
177 698 258 754 Nero
281 703 379 754 tamen
400 696 544 754 subtraxit
564 699 676 763 oculos,
696 697 834 771 iussitque
859 713 926 754 sce·

55 798 124 866 lera,
139 815 196 854 uon
210 796 374 868 arrectavit:
391 794 545 869 praecipua
558 797 611 852 sub
626 794 799 854 Domitiano
812 795 927 854 miseri·

55 913 135 954 arum
147 914 210 968 pars
225 902 296 962 erat,
306 895 405 952 videre
420 900 449 950 et
464 893 592 966 adrpici:
606 911 673 952 cum
687 895 809 966 suspiria
824 901 926 952 nostra

55 996 318 1052 subscriberemus:
342 1010 408 1052 cum
423 993 597 1050 denotandis
611 999 654 1050 lot
668 993 819 1052 bominum
835 995 926 1065 pallo-

55 1093 132 1150 ribus
156 1095 300 1150 sufficeret
322 1109 428 1150 saevus
452 1091 503 1148 ille
529 1094 679 1157 vultensi
704 1095 868 1166 subsanno
889 1109 925 1148 aa

54 1201 155 1250 contra
170 1193 306 1264 pudorem
321 1190 478 1248 muniebat.
520 1190 571 1248 'ru
584 1209 656 1248 vero
668 1190 750 1258 ielis,
773 1192 926 1264 Agricola,

55 1309 114 1348 non
137 1291 216 1346 vitae
239 1296 349 1348 tanturn
371 1291 514 1356 claritate,
528 1291 579 1348 sed
600 1290 695 1348 etiam
706 1290 927 1362 opportunitate

56 1390 163 1448 mortis.
175 1387 219 1465 (ut
241 1389 402 1462 perhibent,
416 1389 465 1463 qui
479 1389 669 1446 iuterfuerunt
684 1388 851 1446 novistimis
867 1403 927 1444 ser·

56 1490 188 1546 monibus
217 1485 286 1564 tuis)
312 1495 450 1544 constans
477 1493 508 1544 et
534 1487 731 1546 libeualatum
759 1487 926 1559 excepisll3

56 1593 200 1662 tamquam
226 1605 276 1659 pro
302 1587 381 1644 virili
406 1588 538 1659 portione
562 1587 763 1644 innocentiam
791 1585 928 1659 Principi

56 1686 187 1744 (lunares.
234 1687 293 1744 Sed
323 1686 393 1743 mihi
420 1686 564 1760 filiaeque,
593 1691 707 1758 praeter
733 1665 928 1742 acerbitatem

57 1787 183 1860 parentis
198 1786 299 1859 erepti.
313 1791 398 1860 auget
414 1785 598 1850 moestitiam,
609 1786 684 1858 quod
699 1785 832 1840 adsidere
847 1787 931 1841 vale·

58 1887 159 1954 tudini,
184 1888 284 1944 lovere
304 1871 500 1950 deficientem,
520 1884 619 1942 satiari
648 1886 739 1948 vultu,
759 1887 929 1956 complexu,

58 2005 116 2044 uon
137 1987 270 2059 contigit.
285 1979 502 2057 excepissemus
516 1989 596 2040 certe
618 1984 755 2040 mandata
770 1999 934 2056 vocesque,
1028 1977 1029 1984 '

58 2104 127 2160 quus
156 2087 270 2158 penitus
295 2083 392 2140 animo
416 2083 578 2156 ligeremus.
620 2082 733 2138 Noster
758 2081 807 2138 bic
835 2083 931 2150 dolor,

59 2192 186 2241 nostrum
210 2185 331 2238 vuinus:
354 2182 436 2237 nobis
458 2189 516 2237 tarn
539 2167 642 2253 longas
657 2181 807 2236 absentiae
824 2180 931 2237 cundi·

60 2285 139 2340 tione
164 2283 232 2339 ante
252 2280 473 2355 quadriennium
494 2280 616 2336 amissus
640 2298 682 2358 es.
737 2277 844 2338 Omuia
864 2279 932 2338 siue

59 2383 274 2455 dubio,optirne
286 2386 446 2452 parentum,
455 2379 606 2436 adsidente
618 2377 816 2434 amantissima
828 2395 932 2448 uxore,
1028 2389 1029 2448 l

60 2482 223 2556 superfuere
249 2479 351 2536 honori
378 2485 444 2534 tuo:
467 2477 650 2551 paucioribus
678 2485 776 2534 tamen
801 2477 933 2536 lacrimis
1028 2481 1029 2552 ζ

90 2655 297 2714 Subscrilerrnlrrr]
333 2653 364 2700 at
375 2653 398 2698 in
408 2651 491 2700 crimen
502 2655 642 2698 vocarentur.

1028 2673 1029 2696 l

91 2736 173 2782 Saeuus
187 2736 227 2780 ille
244 2733 330 2794 uultus]
362 2733 429 2778 Unde
449 2731 531 2776 Plinius
550 2730 572 2775 in
592 2730 721 2787 Panegyris.
739 2729 849 2777 XLVlll.
881 2731 935 2790 lpse

63 2795 204 2842 Domitianus
213 2809 306 2840 occursu
316 2807 398 2852 qunque
407 2791 499 2848 uisuque
511 2790 625 2842 ler'rr'dr'lr'r,
637 2791 739 2846 superbia
757 2791 784 2835 in
795 2791 887 2847 fronte,
897 2795 935 2840 ire
1028 2785 1029 2832 ἶ

62 2857 90 2901 r'n
104 2855 180 2909 oculis,
191 2853 309 2910 semineus
321 2853 395 2907 potior
403 2851 429 2896 in
440 2864 533 2905 corpore,
543 2849 570 2894 in
579 2863 615 2894 urs
624 2848 761 2904 impudentia
769 2851 841 2894 multo
850 2853 936 2899 nram
1028 2861 1029 2866 ’

63 2915 150 2974 saffren-
189 2911 249 2957 Vere
265 2913 348 2956 Seneca
370 2911 410 2968 ap,
432 2907 465 2956 Xl
509 2907 608 2960 Quidum
626 2921 749 2967 numquam
768 2909 846 2963 magis,
864 2926 934 2970 qurum
1028 2913 1029 2942 t

64 2990 115 3020 rum
124 2971 264 3022 erubuerint,
279 2967 371 3013 timendi
379 2973 439 3021 sunt,
454 2967 517 3022 mansi
532 2980 617 3011 ornnem
631 2967 787 3014 uerecundiam
801 2968 934 3026 effarier-int.

63 3033 125 3090 Syllo
142 3037 195 3077 lune
206 3034 252 3074 erut
261 3027 381 3075 violentiori
383 3041 437 3078 mur,
449 3027 589 3082 cumsuciem
598 3025 646 3082 ejus
656 3027 748 3082 sanguis
757 3025 875 3074 tumre-rar.

94 3099 246 3157 lnrwraritr'um
257 3106 355 3164 principi
364 3106 465 3164 donarer]
491 3106 616 3164 'lamqunnr
625 3117 665 3164 pro
674 3104 733 3150 virili
744 3107 847 3166 portione
856 3109 935 3156 Domi·
1028 3119 1029 3148 2

65 3172 149 3216 linurnn
160 3169 294 3220 absolveres,
305 3173 372 3224 teque
379 3163 503 3210 constantia
513 3171 535 3208 et
548 3163 665 3208 alacritate
675 3167 714 3209 tua
730 3179 773 3210 non
784 3165 935 3228 interceptum
1028 3211 1029 3220 ,

66 3245 151 3276 ueneno
160 3227 272 3286 probares.

96 3311 154 3352 Ante
163 3299 348 3362 prtudrn'e'nnium]
379 3299 489 3349 Quartum
503 3299 550 3355 jam
561 3313 640 3344 annum
655 3299 730 3344 lloma
739 3280 832 3348 aberant
842 3304 936 3352 Tacitus
1028 3335 1029 3368 p

67 3366 157 3424 eiusque
177 3375 237 3407 uxor.
270 3360 306 3405 Ob
323 3358 387 3414 hujus
403 3357 518 3403 absentiae
527 3373 600 3403 casum
611 3359 637 3403 iis
647 3365 699 3402 ante
713 3361 881 3418 quadriennium
899 3379 938 3424 pe-
1028 3389 1029 3418 ;

67 3423 130 3470 riisse
143 3420 268 3476 Agricolam
277 3416 360 3462 scribit.

100 3498 250 3546 Ponderibus
258 3500 331 3540 tumen
341 3493 453 3554 doymo]
485 3491 682 3553 Egregiedictum,
695 3500 805 3543 utcetera
814 3498 940 3557 Agricolas

70 3555 456 3621 urpremamarimorensunarrats.
1028 3567 1029 3576 κ
