2096 3840
108 191 156 261 68
364 213 452 262 rrnrr
478 213 598 260 auaro.
625 203 711 262 vrrs

107 369 260 428 victoriae.
280 367 375 443 gignit
388 375 418 426 et
443 370 579 426 Oceanus
607 369 769 442 margarita,
790 371 841 428 sed
864 373 977 430 subins-

96 483 144 526 ·ea
177 485 212 524 ae
227 468 361 526 liventia.
416 469 542 540 Quidam
563 477 655 524 artem
682 471 783 526 abesse
809 473 977 544 legentibus

107 567 288 626 arbitrantur.
312 567 423 624 namin
446 569 531 624 rubro
565 568 636 624 mari
666 568 736 624 viva
763 585 798 626 ae
831 569 976 640 spirantia

94 666 185 724 sanis
195 666 295 731 avelli,
306 666 336 724 in
350 665 512 730 Britannia,
524 673 606 738 prout
617 669 739 740 expulsa
754 667 822 733 sint,
837 667 951 740 conligi
965 688 973 723 :

12 743 13 750 ἵ
107 765 288 839 egolaeil'ua
301 764 486 830 crediderim,
506 771 639 824 naturam
667 766 829 841 margaritis
856 768 973 830 deeme,

107 881 192 939 quam
208 785 292 922 nobis
312 865 474 922 avaritiam.

57 957 98 1018 13
148 965 208 1036 lpei
224 963 360 1022 Britanni
374 965 521 1022 deleotnnr
535 981 571 1022 ae
586 964 692 1022 tributa
707 970 736 1022 et
756 964 889 1022 iniuncta
918 965 977 1022 lm·

107 1062 181 1136 perii
210 1080 329 1120 munera
357 1063 478 1136 impigre
503 1066 619 1129 obeunt,
648 1063 673 1120 si
701 1063 824 1124 iniuriae
859 1064 975 1122 absint:

106 1161 160 1218 bas
186 1179 272 1234 aegre
300 1163 433 1229 tolerant,
456 1163 514 1219 iam
541 1163 644 1220 domiti
682 1169 713 1220 ut
744 1168 873 1236 pareant,
902 1180 976 1220 non·

106 1260 175 1318 dnm
215 1265 246 1318 ut
272 1260 412 1318 serviant.
474 1262 568 1336 igitur
607 1261 715 1336 primun
747 1263 876 1320 omnium
915 1263 975 1320 Ro-

107 1375 256 1418 manorum
279 1359 375 1416 Divus
401 1360 492 1418 lulius
526 1379 593 1418 cum
618 1361 750 1418 exereitu
790 1360 978 1418 Britanniam

107 1458 262 1532 ingressus,
303 1476 474 1532 quamquam
526 1477 660 1533 prospera
701 1477 796 1534 pugna
837 1460 976 1518 terruerit

107 1556 229 1622 indoles,
277 1573 313 1614 ao
353 1557 438 1615 litore
489 1559 596 1630 potitus
647 1559 695 1625 sit,
735 1565 829 1632 potest
881 1559 978 1618 videri

107 1654 270 1714 ostendisse
311 1657 442 1728 posteris,
482 1675 541 1714 non
561 1657 741 1716 ·lmdidisee.
804 1659 878 1726 bx
917 1660 980 1716 bel·

110 1755 141 1811 la
171 1753 284 1820 civilia,
318 1759 348 1810 et
372 1756 403 1812 in
430 1756 650 1828 Rempublicnm
685 1775 768 1814 versa
808 1759 977 1831 principum

109 1867 197 1918 arma,
225 1869 260 1910 ae
281 1853 367 1926 longa
387 1853 499 1912 oblivio
530 1855 701 1914 Britanniae
720 1857 810 1914 etiam
837 1857 869 1916 in
889 1877 974 1932 paee.

110 1950 273 2008 Consilium
287 1951 316 2008 iu
327 1951 422 2012 Divus
435 1955 583 2027 Augustus
595 1956 728 2036 voenbat,
741 1955 880 2014 'aibertus
893 1975 976 2030 prae-

109 2059 236 2122 septum.
280 2051 417 2122 Agitasse
432 2053 467 2110 U.
484 2054 640 2110 Gaesarem
653 2054 690 2112 de
711 2053 845 2112 intranda
860 2057 979 2116 Britan·

109 2151 159 2208 nia
180 2151 251 2207 ratis
274 2157 398 2217 constat,
427 2151 458 2208 ni
490 2153 578 2209 velox
606 2151 734 2225 ingenio,
766 2155 880 2212 mobilis
909 2173 979 2230 pne-

109 2248 245 2315 nitsntia,
264 2255 295 2306 et
314 2251 448 2322 ingentes
469 2251 607 2308 adversus
633 2243 822 2310 Germaniam
852 2263 978 2315 conatos

110 2348 212 2405 t'ruslra
226 2349 355 2405 luissent.
399 2350 495 2406 Divus
510 2351 649 2408 Claudius
660 2357 760 2408 auctor
769 2354 876 2426 operis,
887 2361 980 2414 trans·

111 2446 206 2504 vestis
242 2447 402 2520 legionibus
433 2448 616 2522 auxiliisque,
639 2455 669 2506 et
689 2452 841 2525 adsumpto
862 2454 893 2511 in
915 2473 981 2527 prar-

111 2550 170 2602 tem
185 2563 278 2602 rerum
293 2546 495 2618 Vespasiano:
518 2549 592 2620 quod
615 2547 730 2606 initium
745 2557 886 2610 venturae
907 2572 979 2612 mox

111 2644 242 2700 fortunae
264 2643 326 2701 tuir.
346 2645 474 2702 domitae
498 2653 611 2718 gentes,
632 2647 711 2721 eapti
732 2649 839 2725 Reges,
852 2657 882 2709 et
897 2671 978 2712 mon·

112 2748 217 2800 atratus
230 2743 296 2800 lutis
310 2744 521 2816 Vespasianus.

62 2864 101 2924 14
152 2843 353 2900 Consularium
369 2843 475 2916 primus
492 2845 585 2900 Aulus
598 2843 928 2920 Plautiuspraepositus,
942 2869 978 2910 ae

111 2941 233 2998 subinde
258 2942 388 2998 Ostorius
415 2943 550 3014 Scapula,
575 2949 693 3019 uterque
721 2947 799 3004 bello
823 2951 976 3025 egregius:

140 3115 220 3163 Rubro
230 3115 297 3176 man]
329 3115 516 3162 Oceanolndieo.

141 3193 315 3255 Divaslusias]
346 3194 418 3240 Julius
434 3195 517 3240 Caesar
536 3195 674 3245 Britanniam
693 3197 727 3246 bis
744 3199 852 3260 ingressus
870 3207 905 3250 est
918 3206 982 3253 annis

111 3253 179 3299 Urbis
193 3253 296 3298 conditae
311 3267 395 3300 ncxcrx
410 3260 433 3298 et
453 3269 503 3300 nec.
536 3255 585 3302 Hae
600 3258 629 3302 de
649 3273 673 3302 rr
689 3259 755 3318 plura
770 3262 829 3321 apud
845 3259 980 3312 Strabonem

111 3311 174 3357 libr.
187 3311 227 3356 tv.
254 3326 287 3369 ag.
302 3315 349 3359 138.
382 3312 442 3358 Vide
456 3319 478 3357 et
494 3313 565 3373 ipsum
583 3315 709 3371 Caesarem,
729 3317 785 3364 Bell.
803 3319 864 3366 Gall.
883 3323 924 3370 lV.
941 3327 979 3372 22.

111 3368 141 3415 V.
153 3371 173 3414 a.
186 3383 213 3414 ae
247 3370 326 3423 ionem,
338 3370 448 3417 XXXlX.
460 3385 511 3431 pag.
525 3377 573 3419 lit.
584 3373 635 3420 Xb.
647 3389 696 3434 pag.
710 3379 758 3424 122.

141 3446 354 3509 Ostorius-imputa]
388 3449 423 3496 De
440 3463 484 3508 quo
499 3465 564 3511 supra
582 3452 662 3497 annal.
680 3453 732 3500 xli.
749 3459 784 3500 ai.
807 3437 980 3519 ¹l'ropeurbum

100 3502 233 3564 Bereford,
257 3505 281 3554 in
304 3505 485 3568 Herrsordrdr're,
510 3509 662 3570 parochiaque
683 3511 783 3573 Dinder,
807 3522 881 3564 exstat
906 3521 984 3568 adhrm
