2096 3840
453 279 531 331 oar.
563 269 730 346 aa-uu
957 293 1000 358 41

132 416 234 476 atatim
255 419 443 490 Chaucorum
467 453 548 510 gens,
565 423 749 523 'quamquam
769 452 893 531 incipiat
907 479 925 518 a
940 463 1003 522 Fri·

131 514 195 579 aiis,
220 537 256 576 ac
277 529 388 594 partem
414 529 506 593 litoris
521 551 656 615 occupet,
683 553 822 621 omnium,
855 577 926 633 quas
952 581 1002 620 ex·

131 617 224 685 posui,
238 621 371 692 gentium
395 629 532 694 lateribus
546 641 722 715 obtenditur,
742 652 837 712 donee
852 657 881 714 in
898 659 1000 719 Cattos

127 729 218 787 nsque
232 719 372 781 sinuetur.
428 729 506 790 Tam
527 736 692 802 inmensum
714 753 852 811 terrarum
873 761 998 830 spatium

126 828 188 869 nou
200 823 303 876 tenent
317 828 428 884 tantum
444 831 568 902 Chauci,
594 843 645 898 aerl
661 850 691 900 et
718 845 855 920 inplent:
877 861 997 929 populus

126 908 205 968 inter
234 917 398 981 Germanos
436 931 641 1006 nobilissimus,
688 947 794 1020 quique
825 955 997 1027 magnitudi-

124 1027 192 1069 nem
214 1003 311 1074 ¹suam
347 1025 428 1082 malit
464 1029 576 1090 iustitia
597 1039 680 1098 tueri.
719 1045 783 1103 sine
824 1052 994 1126 cupiditate,

120 1107 186 1166 aine
213 1113 388 1188 inpotentia,
418 1127 508 1199 quieti
544 1138 716 1214 secretique,
763 1151 842 1206 nulls
888 1171 991 1226 provo

123 1213 193 1266 cant
217 1213 307 1278 bella,
335 1221 421 1278 nullia
450 1229 578 1298 raptibus
605 1243 653 1293 aut
669 1241 829 1304 latrociniis
854 1256 991 1324 populan-

119 1309 172 1364 tur.
215 1313 309 1387 quue
324 1323 511 1393 praecipuum
541 1331 705 1396 virtutisne
721 1343 825 1402 virium
839 1365 989 1422 argumen-

117 1409 249 1474 tnmest,
271 1418 357 1488 quod,
372 1426 401 1476 nt
426 1420 587 1496 superiores
614 1443 711 1508 agant,
727 1459 786 1500 non
800 1464 851 1516 per
865 1449 987 1508 iniurias

114 1507 321 1584 adsequuntur.
383 1517 519 1596 Prompta
544 1534 641 1590 tamen
669 1539 801 1598 omnibus
829 1563 917 1614 arnna,
941 1567 985 1618 ac,

112 1604 137 1661 ri
150 1625 196 1664 res
212 1621 325 1682 poseat,
339 1619 505 1693 errereitus;¹
522 1629 674 1698 plurimum
692 1637 815 1699 virorum
836 1663 984 1720 equorum

112 1721 182 1779 que:
204 1716 236 1766 et
251 1713 469 1783 quiescentibus
484 1726 587 1786 eadem
600 1730 685 1792 lama

149 1805 296 1866 inlatere
325 1815 510 1879 Chaucorum
539 1827 747 1908 Cattorunrque
775 1837 917 1901 Cherusci
940 1845 1036 1928 nigss

108 1903 195 1962 niam
223 1925 258 1964 ac
277 1923 456 1974 marcentem
478 1921 528 1978 uin
557 1943 658 1995 pacem
683 1931 845 1994 inlacessiti
876 1944 980 2002 nutrie-

106 2011 178 2060 runt.
204 2005 293 2081 idque
309 2011 472 2082 iucundius,
496 2025 582 2094 quani
598 2026 695 2096 tulius,
723 2031 794 2090 tuit:
815 2037 881 2111 quia
904 2043 980 2102 inter

103 2097 276 2174 inpotentes
314 2116 343 2167 el
373 2117 487 2174 validos
520 2119 594 2178 ial'so
626 2127 778 2202 quiesoas;
808 2137 857 2193 ubi
890 2159 977 2200 manu

100 2201 204 2276 agitur.
227 2207 370 2268 modestia
385 2229 420 2269 sc
436 2218 563 2289 probitas
578 2226 694 2282 nomina
720 2234 875 2304 superioria
899 2247 975 2298 sunt.

5 2348 9 2366 ,
99 2299 156 2369 lta,
177 2305 228 2378 qui
254 2308 324 2364 olim
349 2297 414 2366 boni
440 2315 574 2392 aequique
593 2319 746 2396 ¹Cleonaei,
773 2349 850 2391 nunc
874 2335 975 2398 inertes
1044 2373 1045 2384 κ

5 2372 9 2387 ⁸
97 2415 132 2456 uc
164 2402 249 2460 stulti
279 2415 440 2467 vocantur:
477 2415 572 2474 Callia
608 2423 768 2484 victoribus
802 2431 914 2492 fortuna
941 2439 972 2496 in

6 2556 10 2569 ι
94 2498 274 2569 sapientiam
298 2507 396 2563 cessit.
452 2511 558 2572 Tracti
586 2521 669 2578 ruina
703 2525 915 2592 Cheruscorum
941 2543 971 2594 el

6 2604 9 2613 ·
94 2597 178 2665 Fosi,
206 2607 390 2664 contermina
413 2628 495 2683 gens,
523 2618 711 2681 ariveraarum
734 2644 828 2686 rerum
855 2651 894 2690 ex
923 2653 972 2693 ae-

92 2701 151 2771 quo'
163 2699 250 2767 socii,
272 2719 340 2762 cum
360 2703 391 2764 in
416 2715 553 2773 secundis
574 2717 703 2779 minores
715 2723 850 2786 luissent.

120 2872 266 2922 utrumn
278 2878 341 2939 gam]
372 2881 457 2930 Chauci
473 2887 505 2932 ab
519 2889 610 2947 huin&
628 2893 676 2940 utta
692 2897 755 2954 Enna,
770 2902 804 2948 etl
813 2903 899 2962 Albim,
916 2907 966 2959 tus

88 2929 155 2980 tlte,
174 2934 235 2980 litori
251 2937 317 2982 maris
331 2945 547 3000 praetendebantur:
569 2952 628 2997 narde
644 2957 749 3010 omnium,
765 2960 881 3021 dequibus
896 2969 968 3018 arcuo

86 2989 173 3037 dietum
184 2999 227 3046 est,
243 2997 341 3052 gentium
352 2997 458 3048 lateribus
468 3004 654 3067 obtendebantur,
670 3027 724 3073 quas
734 3016 794 3064 inter
802 3027 825 3066 et
836 3023 965 3075 Cheruscos

85 3047 235 3116 donabantur
253 3067 322 3115 usque
341 3056 365 3103 in
382 3057 469 3122 Cattos.
502 3063 701 3126 Distinguebautur
720 3075 804 3124 Chauci
824 3083 917 3139 majores
936 3092 962 3134 et

7 3117 8 3120 ’
88 3120 194 3156 ninom.

114 3187 236 3250 uuonan]
269 3192 339 3249 Tune,
356 3194 415 3242 inira
428 3199 540 3258 Cherreos,
556 3203 615 3254 inter
632 3207 752 3269 Visurgim,
771 3213 819 3262 una
839 3217 917 3277 Wusr,
933 3230 961 3268 et,
1044 3273 1045 3278 ,

84 3244 172 3301 Albim,
189 3247 237 3294 tas
246 3249 311 3304 utos,
324 3253 451 3303 babitabant
463 3259 575 3316 Cherusci.
592 3267 629 3312 ubi
646 3285 702 3314 nunc
712 3269 855 3330 Luneborrrg,
867 3277 958 3348 Benna:

83 3304 144 3354 nisit.
167 3312 218 3361 part
235 3309 264 3365 qs
281 3310 314 3356 the
333 3311 413 3358 March
431 3317 458 3372 φ’
472 3317 658 3381 uranusmrnrg,
693 3329 768 3372 balius
787 3332 843 3376 alirn
863 3338 960 3390 Augrrrts
1044 3355 1045 3398 3

81 3363 212 3434 principatu
228 3367 367 3425 habitavere,
386 3379 453 3432 atque
468 3377 536 3422 etiam
552 3381 584 3424 eis
600 3381 718 3438 visurgin,
733 3391 759 3450 nt
774 3389 875 3451 paretex-
888 3389 960 3434 Drusi

81 3421 263 3482 expeditionibus
274 3430 332 3486 apud
345 3428 440 3476 Dionem
451 3431 512 3486 btv.
524 3449 573 3493 pag.
585 3441 635 3483 ott.
646 3445 670 3482 et
682 3439 792 3482 Vellerum
804 3443 832 3483 ll‘.
847 3445 893 3485 ruo

107 3499 142 3550 tlt
152 3500 214 3562 una}
247 3503 317 3553 Furor
326 3507 416 3554 mem
426 3521 475 3555 esre
485 3523 512 3556 ac
521 3512 619 3558 Saxones
628 3512 732 3570 aanuor
742 3513 822 3556 sotum
830 3512 961 3566 cumeurn,

121 3598 199 3642 rou⁸
219 3601 270 3641 arr.
509 3585 561 3644 t*
