2062 3824
1023 163 1025 224 l

415 238 493 288 cn.
520 219 579 286 aa.
597 216 657 286 aa.
883 218 957 330 rau
1024 267 1026 320 3

78 399 107 454 et
119 395 217 470 ipsum
232 393 409 454 Ciceronem
422 393 511 450 credo
524 392 625 450 solitos
646 396 677 448 et
699 391 844 461 invidere,
861 401 893 452 et
920 395 954 452 ll·
1025 413 1026 460 t

79 513 159 565 vere,
173 503 202 552 et
218 495 327 552 ceteris
343 495 486 550 humanae
500 492 675 550 infirmitatis
687 493 766 548 vitiis
781 493 885 550 adficis
907 510 953 552 ro·

78 597 139 654 lum
154 597 232 653 inter
248 595 301 652 lrns
316 595 437 650 arbitror
452 593 572 648 Brutum
597 609 656 648 nou
681 592 872 664 malignitate,
896 609 956 652 nec·

1 750 2 784 ,
79 693 202 761 invidia,
230 695 283 750 sed
313 693 487 764 simpliciter
513 697 542 748 et
567 691 703 764 irrgenue,
725 691 868 762 ,judicium
892 692 955 750 ani·

80 794 120 850 mi
143 793 188 850 sui
216 793 377 850 detexisse.
400 809 437 848 an
462 791 608 848 invideret
633 789 781 853 Ciceroni,
807 792 856 863 qui
881 789 954 850 mihi

79 891 194 948 ridetur
209 909 248 948 ne
272 890 392 947 Caesari
407 889 523 962 quidem
538 885 701 946 invidisse?
727 889 812 959 Quod
827 890 863 945 ad
889 890 957 948 Ser.

82 989 207 1048 Galbam
230 994 262 1046 et
277 989 312 1048 O.
334 988 468 1047 Laelium
484 992 599 1055 attinet,
620 995 649 1045 et
675 987 699 1044 si
724 1005 794 1061 qum
818 989 891 1046 alios
905 1005 954 1046 an·

80 1088 223 1164 liquorum
246 1087 357 1165 agitare
381 1105 439 1146 non
463 1087 595 1157 destiti13
626 1105 685 1144 non
709 1087 802 1162 exigit
822 1087 955 1146 defenso·

80 1203 147 1256 rem,
172 1205 243 1248 cum
272 1187 371 1256 fatear,
399 1188 540 1261 quaedam
568 1187 751 1260 eloquentiae
779 1205 888 1255 eorum,
921 1190 954 1246 ut

79 1287 213 1345 nascenti
228 1287 334 1352 adhuc,
350 1303 403 1344 nec
418 1291 488 1342 satls
503 1287 629 1351 adultae,
644 1285 779 1344 defuisse.
834 1323 838 1332 ›

118 1387 262 1445 Ceterum
290 1386 325 1452 si,
339 1387 446 1442 omisso
473 1387 585 1458 optimo
605 1385 658 1442 illo
684 1393 713 1442 et
741 1385 952 1458 perfectissimo
963 1393 1009 1453 26

80 1501 185 1559 genere
200 1486 397 1558 eloquentiae,
411 1485 547 1558 eligenda
558 1485 596 1541 slt
609 1467 699 1542 torma
712 1486 840 1552 dicendi,
852 1487 951 1544 malim

80 1583 198 1641 hercule
213 1584 248 1642 G.
274 1583 404 1642 Gracchi
429 1583 568 1655 inpetum,
588 1591 637 1641 aut
663 1585 698 1641 L.
724 1585 821 1644 Crassi
837 1585 951 1643 maturi·

81 1686 180 1750 tatem,
203 1700 290 1757 quam
323 1681 505 1740 calamistros
527 1682 719 1750 Maecenatis,
749 1689 798 1740 aut
828 1683 954 1742 tinnitus

81 1782 238 1842 Gallionis.
270 1783 344 1840 adeo
371 1782 474 1838 melius
498 1788 551 1848 est,
576 1789 718 1838 oratorem
743 1783 793 1838 vel
807 1781 883 1838 hirta
909 1787 951 1840 to·

82 1900 116 1958 gu
140 1883 273 1948 induere,
298 1897 383 1954 qnam
396 1880 500 1938 lunatis
521 1887 550 1937 et
578 1879 750 1938 meretriciis
766 1880 895 1938 vestibus
909 1879 969 1940 in·'

1 1968 2 2034 ζ
80 1982 199 2056 signire.
271 1981 373 2053 Neque
398 1980 478 2036 enim
504 1980 645 2037 oratorius
669 1980 732 2047 iste,
763 1979 861 2047 immo,
889 1980 952 2038 her·

80 2083 155 2146 aule,
192 2097 231 2136 ne
260 2078 353 2136 virilis
377 2077 493 2153 quietern
520 2081 615 2138 cultus
650 2085 703 2146 est,
737 2097 794 2155 qno
822 2080 955 2156 plerique·

1 2211 2 2218 κ
80 2183 242 2250 temporum
268 2184 427 2234 nostrorum
453 2184 566 2235 actores
590 2178 631 2235 ita
655 2185 781 2246 utuntur,
808 2186 839 2237 nt
867 2179 953 2238 larci·

79 2279 127 2336 ria
143 2279 307 2342 verborum,
329 2281 359 2334 et
388 2276 511 2334 levitate
539 2278 756 2346 sententiarum,
771 2284 800 2334 et
828 2280 951 2338 tinentia

2 2358 3 2361 Ἴ
77 2376 300 2450 compositionis
327 2376 512 2434 histrionales
541 2379 640 2432 modos
664 2378 837 2448 exprimant,
862 2379 952 2452 quon·

2 2466 4 2502 ³
79 2495 133 2554 que
150 2477 200 2532 vir
217 2475 315 2533 auditu
331 2475 374 2530 las
398 2492 462 2533 esse
484 2477 603 2547 debent,¹
621 2478 719 2534 laudis.
734 2483 763 2534 et
785 2478 894 2550 gloriae
918 2481 951 2536 et

3 2639 5 2662 Ι
77 2575 191 2651 ingenii
221 2577 287 2632 loco
322 2573 450 2649 plerique
490 2575 611 2642 iactant,
645 2575 756 2632 contari
792 2573 949 2652 saltarique

78 2670 378 2732 mannentara'scenos.
420 2675 508 2731 Vnde
529 2676 619 2732 oritur
646 2675 697 2730 illa
720 2675 806 2730 loeda
819 2680 848 2731 et
870 2691 952 2748 prae·

78 2783 203 2846 postera,
217 2775 268 2830 serl
291 2779 388 2830 tamen
413 2773 737 2848 manumittendum
763 2773 948 2840 exclamatio,

79 2877 111 2930 ul
151 2879 279 2929 oratores
306 2871 397 2928 nostri
429 2877 519 2929 tenere
545 2870 642 2939 dicere,
674 2869 823 2929 histriones
849 2870 950 2930 diserte

79 2970 193 3036 souare,
220 2971 363 3029 dicantur.
418 2971 561 3046 Equidem
591 2989 648 3028 non
676 2972 853 3045 negaverim,
878 2973 948 3030 Cas·

79 3071 152 3128 sium
170 3071 323 3136 Severum,
347 3073 540 3143 quemsolum
570 3073 650 3143 Aper
677 3076 774 3128 noster
798 3071 948 3130 nominare

6 3198 8 3228 l
80 3185 163 3228 ausus
192 3175 246 3238 est,
274 3169 299 3226 si
327 3169 372 3226 his
395 3177 585 3250 comparetur,
622 3169 670 3244 qui
697 3175 797 3242 postea
825 3169 954 3236 fuerumt,

7 3266 11 3289 '
80 3285 161 3341 posse
187 3273 331 3326 oratorem
352 3267 461 3334 vocari,
486 3285 656 3341 quamquam
683 3267 714 3324 in
742 3285 846 3341 magna
868 3273 949 3340 parte

6 3332 11 3412 i
79 3367 216 3425 librorum
241 3385 355 3424 suorum
381 3369 444 3440 plus
465 3368 511 3422 vis
537 3368 652 3431 habeat,
679 3383 763 3438 quarn
790 3367 948 3436 sanguinis.

8 3414 13 3557 i
80 3465 192 3526 Primus
207 3465 297 3535 enin,
325 3471 495 3539 contempto
515 3463 617 3520 ordine
641 3459 864 3526 rerum,omissa
890 3476 948 3514 mo
