2096 3840
100 269 150 340 74
357 293 444 342 rrnrr
470 295 591 344 scaro.
615 296 702 346 vrrs

99 463 150 504 se:
191 464 229 502 ne
265 447 402 505 laureatis
434 449 550 524 quidem
583 456 667 524 gesta
704 455 874 524 prosecutus
915 458 975 512 est·

102 544 153 602 sed
183 543 246 617 ipsa
284 537 514 606 dissimulatione
534 550 629 607 lamae
651 550 757 608 lamam
791 551 885 620 auxit,
908 569 976 610 aes-

18 670 19 758 t
103 645 280 714 timentibus,
309 655 417 722 quanta
440 648 525 706 iuturi
555 665 608 723 spe
635 655 695 708 tam
725 667 831 724 magna
864 652 973 709 tacuis-

18 779 19 786 κ
103 751 157 802 set.

52 848 91 908 19
144 843 281 903 Ceterum
304 845 463 904 animorum
478 846 648 920 provinciae
669 849 805 920 prudens,
826 849 974 926 simulque

102 943 204 1000 doctus
218 962 269 1017 per
281 945 378 1002 aliena
401 945 611 1018 experimenta,
636 963 735 1018 parum
756 947 857 1020 profici
870 948 974 1016 ermis,

102 1041 126 1098 si
142 1043 263 1100 iniuriae
276 1035 469 1118 sequerentur,
483 1061 600 1101 caussas
621 1035 760 1102 bellorum
774 1046 875 1103 statuit
889 1047 975 1105 exci-

102 1139 180 1197 dere.
223 1143 251 1198 A
282 1160 314 1200 se
337 1142 452 1216 suisque
475 1157 565 1210 orsus,
594 1141 715 1215 primam
741 1144 859 1201 domum
888 1163 975 1204 suam

102 1244 247 1314 coercuit3
261 1245 336 1318 qood
345 1245 487 1320 plerisqbe
497 1247 572 1303 lrsud
584 1246 679 1302 minus
687 1247 806 1310 arduum
818 1253 874 1314 est,
884 1265 974 1323 quam

103 1341 284 1417 provinciam
299 1361 406 1418 regere.
452 1347 547 1418 Agere
562 1345 633 1402 nihil
651 1363 701 1417 uer
715 1345 832 1402 libertos
858 1363 974 1404 servos-

103 1459 159 1516 que
168 1432 300 1514 publicae
309 1443 366 1500 rei:
382 1461 439 1501 non
448 1443 550 1502 studiis
562 1444 692 1517 privatis,
705 1461 760 1501 uec
770 1463 807 1501 ex
819 1461 973 1504 commen·

103 1541 233 1606 datione,
264 1547 313 1599 aut
338 1541 469 1616 precibus
495 1543 705 1600 centurionum
729 1543 837 1600 milites
862 1546 974 1615 accire,

95 1641 155 1702 ,sed
184 1640 323 1715 optimum
347 1659 489 1716 quemque
512 1641 711 1700 fidelissimum
733 1647 851 1715 putare:
872 1645 975 1702 omnia

103 1742 188 1807 scire,
210 1759 268 1800 non
288 1741 386 1798 omnia
407 1741 546 1814 exsequi:
569 1740 666 1812 parvis
686 1741 817 1813 peccatis
843 1743 975 1811 veniam,

103 1841 215 1916 magnis
229 1843 418 1898 severitatem
442 1841 647 1897 commodare:
670 1857 724 1896 nec
737 1857 831 1912 poena
845 1857 975 1914 semper,

103 1943 155 1998 sed
169 1941 283 2014 saepius
298 1939 478 2014 poenitentia
491 1944 647 1996 contentus
668 1955 742 2004 esse,
762 1938 866 1996 officiis
879 1946 910 1996 et
924 1944 984 2000 ad··

103 2039 362 2097 ministrationibus
390 2038 565 2110 potiusnon
591 2041 759 2109 peccaturos
782 2054 975 2111 praeponere.

103 2155 189 2216 quarn
212 2138 359 2204 damnare,
384 2153 451 2192 cum
466 2141 647 2208 peccassent.
689 2135 841 2194 Frumenti
870 2143 902 2194 et
923 2138 973 2195 tri-

103 2243 235 2298 butorum
262 2235 448 2294 exactionem
468 2234 643 2309 aequalitate
671 2249 820 2292 munerum
846 2235 971 2304 mollire,

132 2413 242 2460 Publicae
252 2411 295 2474 rei]
326 2409 392 2458 Nilril
399 2409 509 2514 summe
526 2409 655 2467 relegebat
674 2422 714 2468 per
732 2407 827 2455 libertos
843 2421 972 2471 servosque,

103 2473 198 2536 pessimo
207 2473 250 2517 bac
260 2472 282 2516 ln
293 2485 316 2516 re
326 2469 396 2532 praesi
414 2484 450 2514 um
461 2468 631 2528 Principumque
640 2467 749 2528 exemplo.

133 2553 219 2600 Milites
228 2551 321 2611 adscire]
352 2548 500 2608 singulariter
509 2547 601 2602 dictum,
616 2546 634 2592 si
643 2544 737 2601 adscire,
753 2561 794 2606 pro
803 2543 887 2592 milites
897 2546 974 2605 legere
1032 2553 1033 2560 ¹

104 2617 144 2660 sut
153 2612 285 2674 provehere,
295 2615 419 2678 usurpetur.
450 2607 495 2654 Sed
506 2621 555 2652 eum
568 2604 623 2674 nihil
639 2603 741 2666 publicae
751 2605 783 2673 rei
795 2618 835 2664 per
845 2604 941 2676 libertos
950 2609 976 2651 et

103 2664 844 2788 bilbililbtt‡.lll‘llta‘llttall.⁰.'”⁰¹””lm
859 2670 974 2712 ⁰¹¹⁰¹⁸²⁸⁰¹

134 2810 242 2870 demoni]
273 2806 356 2855 Omnia
375 2805 440 2856 scire,
459 2818 504 2850 non
523 2800 598 2872 omnia
617 2799 702 2861 punire.
734 2799 770 2846 Sic
789 2799 973 2870 Julius10aesar,

103 2872 162 2932 apud
173 2867 301 2916 Suetonium
313 2865 388 2912 ioJul.
401 2861 497 2910 uxvu.
508 2861 588 2908 deluto
597 2874 667 2919 neque
675 2859 801 2929 obseruabat
809 2873 975 2930 amatamque

101 2945 144 2988 pro
156 2927 218 2974 undo
228 2925 403 2985 eximebatur.-
420 2922 457 2968 sed
466 2921 603 2967 desertorum
617 2918 796 2965 orsedrlrororrtm
810 2923 942 2977 accurator,
952 2922 974 2964 st

101 2989 196 3046 punitor·
204 2985 336 3040 acerrimus,
345 2981 473 3029 connivebat
482 2979 508 3026 in
518 2978 600 3025 cebris.

133 3063 234 3126 Mallias]
266 3057 381 3109 Frrrmsoti
391 3061 414 3106 el
421 3058 553 3106 tributorum
562 3057 707 3106 exactionem,
717 3055 754 3101 vel
761 3054 829 3100 etlam
835 3054 974 3112 sectionem,

103 3125 242 3186 aequalitate
251 3132 366 3168 munerum
379 3117 462 3167 mollite
480 3117 590 3174 Agricola,
608 3114 739 3162 circumcisis
749 3127 812 3176 quae,
824 3113 847 3159 in
855 3121 974 3182 quaestum

103 3191 201 3245 reperta,
219 3183 267 3242 ipso
284 3180 369 3226 tributo
386 3177 472 3235 gravius
489 3175 650 3223 tolerabantur.
689 3173 757 3228 Nam,
775 3179 828 3218 aute
849 3173 973 3230 Agricolae

104 3244 272 3306 praefecturam.
297 3242 450 3298 procuratores
480 3234 636 3296 publicanique
669 3246 712 3280 non
736 3234 813 3278 statim
836 3231 973 3300 frumentum

104 3300 272 3362 stipendiarium
289 3311 383 3354 carzere,
399 3297 437 3341 sed
458 3295 614 3341 Britannorum
633 3293 711 3338 horrea
730 3291 853 3338 claudere:
869 3289 973 3336 Britanni
1028 3299 1029 3311 ¹

104 3363 183 3407 clausis
194 3359 237 3404 suis
247 3359 282 3402 bor
288 3357 332 3402 reis
350 3353 460 3402 adsidere.
472 3359 503 3404 et,
513 3367 562 3397 cum
573 3350 687 3397 immentis
696 3349 842 3403 abundarent.
858 3363 889 3416 ea
896 3354 972 3417 taurea

104 3416 290 3476 ultrograndique
301 3415 372 3474 pretio
382 3427 462 3458 emere.
495 3411 530 3457 En
540 3409 667 3456 ludibrium.
699 3407 797 3454 Gravior
804 3407 973 3462 adhucrnjurra,

104 3497 160 3532 eunt,
171 3477 253 3539 apertis
265 3473 356 3528 horreis,
375 3471 530 3533 persolutoque
540 3462 692 3574 atigendio,·in
701 3467 795 3511 militum
815 3478 841 3508 nc
862 3465 972 3533 praesidis

105 3557 155 3590 usur
174 3537 303 3598 exigebatur
321 3534 462 3590 trumentum,
481 3528 541 3590 quod
583 3531 666 3574 ntanm
684 3529 746 3574 certo
766 3522 863 3584 quodam
880 3537 909 3570 ac
927 3523 973 3570 len
