2096 3840
442 247 519 296 ear.
533 227 589 298 19.
607 223 669 299 20.
927 231 976 300 75

103 398 300 467 circumcisis,
313 417 397 476 qnae,
423 403 455 460 iu
480 411 629 479 quaestum
655 407 778 478 reperta,
798 403 862 479 ipso
889 404 977 464 tribu·

99 505 131 558 to
156 504 275 573 gravius
301 506 507 560 tolerabantur.
523 522 646 578 namque
674 521 725 578 per
745 505 899 564 ludibrium
929 505 978 562 ad·

101 600 197 656 sidere
225 601 335 658 clausis
362 601 481 667 horreis,
500 609 529 659 et
556 621 652 660 emere
674 605 749 660 ultro
772 603 923 667 frumenta,
943 619 979 662 ac

102 702 232 756 rendere
271 700 365 772 pretio
402 703 588 773 cogebantur.
622 701 756 758 devortia
788 701 923 759 itinerum
950 707 981 760 et

103 799 302 874 longinquitas
334 801 484 874 regionum
515 800 706 870 indicebatur,
741 807 771 856 ut
799 799 936 857 civitates
960 817 979 857 a

105 901 245 971 proximis
266 899 397 956 bibernis
412 901 442 956 in
464 907 573 956 remota
587 905 616 956 et
630 901 699 956 avia
713 899 861 966 referrent,
875 901 980 966 donoc,

106 1000 179 1072 quod
194 999 333 1056 omnibus
347 998 379 1055 iu
394 1005 525 1072 promptu
537 1007 609 1064 erat,
620 997 720 1071 paucis
731 1000 874 1056 lucrosum
890 999 979 1056 tieret.

143 1101 227 1156 Haec
258 1100 353 1170 primo
394 1100 493 1156 statim
531 1115 608 1156 auno
644 1101 872 1171 comprimendo,
900 1099 1031 1174 egre-2⁰

104 1197 180 1271 giam
204 1199 315 1254 lamam
337 1198 403 1271 traci
426 1193 639 1268 circumdedit3
674 1215 748 1274 quae
782 1202 829 1257 vel
858 1201 980 1266 incuria,

106 1301 152 1353 vel
179 1298 339 1354 tolerantia
363 1297 497 1370 priorum,
526 1299 603 1354 haud
625 1299 719 1356 minus
752 1317 837 1374 quam
872 1301 981 1356 bellum

103 1395 269 1454 timebatur.
319 1397 389 1464 Sed,
398 1396 447 1454 ubi
467 1402 562 1454 aestas
576 1397 706 1464 advenit,
727 1404 880 1456 contracto
900 1417 981 1456 exer-

105 1495 173 1560 citu,
191 1495 322 1552 militum
338 1496 368 1552 in
380 1496 496 1570 agmine
511 1497 626 1553 laudare
645 1497 826 1560 modestiam,
841 1498 982 1556 disiectos

104 1610 265 1652 coercere:
301 1596 366 1650 loca
398 1595 501 1652 castris
526 1595 589 1668 ipae
615 1612 738 1670 capere:
772 1596 918 1654 aestuaria
946 1613 981 1654 ac

105 1693 193 1752 silvas
219 1694 284 1766 ipse
313 1700 514 1766 praetentare:
535 1700 565 1750 et
579 1695 653 1752 uilril
686 1697 804 1752 iuterim
824 1697 900 1768 apud
918 1697 981 1754 hos·

106 1798 148 1850 tes
162 1795 295 1868 quietum
317 1793 388 1864 puli,
409 1809 466 1865 quo
493 1793 587 1850 minue
615 1793 718 1850 subitis
743 1793 912 1850 excursibus
933 1811 980 1866 po·

104 1896 261 1965 pularetur.
283 1898 381 1967 alque,
395 1892 443 1948 ubi
457 1892 527 1949 sutis
543 1898 696 1959 terruerat,
717 1893 863 1964 parcendo
885 1909 979 1951 rursus

103 1991 292 2048 inritamenta
308 1991 388 2062 pacis
408 1999 565 2048 ostentare.
632 1989 745 2064 Quibus
771 1992 854 2048 rebus
870 1994 979 2050 multae

104 2092 255 2156 civitates,
270 2107 344 2164 quae
358 2089 389 2146 in
409 2090 492 2146 illum
505 2089 584 2148 diem
606 2109 643 2146 ex
672 2107 765 2164 aequo
791 2098 913 2166 egerant
932 2093 981 2149 da·

121 2247 210 2303 relio‚a
238 2245 401 2292 rocuratoribus
412 2233 579 2314 prrblicauisque
594 2245 721 2301 aestimato,
729 2245 977 2304 veudereccgebuntur.

134 2320 169 2350 rae
178 2260 272 2350 tangens
283 2304 478 2350 intoiemudaerat
485 2304 588 2358 saevitia,
599 2303 738 2350 indicebatur
748 2305 883 2365 civitatibus,
894 2309 926 2363 ut,
938 2320 982 2352 non

102 2365 127 2412 iu
134 2364 178 2410 sibi
186 2363 299 2424 proxima,
307 2363 347 2408 sed
353 2363 375 2408 in
383 2368 467 2410 remota
474 2367 497 2408 et
506 2362 558 2408 avia
565 2363 665 2419 hiberna,
673 2378 714 2423 per
722 2364 819 2410 divortia
825 2364 928 2410 itinerum
936 2365 982 2412 lon·

104 2438 176 2484 gaque
186 2423 302 2480 regionum
311 2421 431 2468 intervalla
440 2423 574 2468 frumentum
582 2423 701 2468 deterrent.
735 2422 771 2467 Sic
780 2424 838 2484 quod
849 2423 950 2469 omnibus
960 2423 982 2475 iu

104 2489 211 2543 promptu
221 2488 279 2536 erut,
286 2481 365 2550 paucis
376 2480 504 2585 ‘publicanis
521 2480 631 2526 lucrosum
653 2481 725 2528 tiebat.
759 2482 783 2527 lu
794 2481 821 2527 iis
837 2490 912 2528 autem
927 2483 983 2540 iuju-

104 2541 189 2588 riarum
200 2539 311 2594 rersutirs‚
322 2553 365 2585 non
392 2547 469 2586 ceraut
479 2553 539 2590 sune,
551 2539 589 2600 qui
600 2539 718 2585 ferociores
730 2539 885 2587 Britannorum
897 2541 982 2586 animos

105 2600 175 2646 variis
191 2597 294 2644 ludibriis
310 2598 445 2660 assiduisque
463 2599 576 2644 laboribus
596 2599 718 2646 domandos
734 2599 872 2656 jactitarent.
916 2599 982 2648 Victa

105 2657 169 2719 plebs
181 2671 271 2717 sernper
281 2671 329 2712 rea,
339 2672 387 2704 curu
398 2657 515 2718 premitur.

136 2737 263 2798 Priorum]
296 2736 397 2784 Priorum
406 2736 541 2798 praesidum.

140 2816 279 2877 Uaccus]
311 2817 379 2864 Anno
389 2815 458 2862 Urbis
467 2815 571 2862 conditae
582 2832 719 2864 ccccxxxrr.
751 2817 805 2864 Jesu
824 2817 911 2864 Christi
921 2821 956 2866 79.

130 2895 223 2944 ‘uestes
242 2893 287 2952 ipsa
306 2896 391 2957 cupere]
438 2893 518 2942 Multa
535 2895 608 2941 sdlrrrc
625 2899 716 2942 manent
727 2897 749 2942 in
764 2895 879 2943 Britannia
893 2897 983 2944 illorum
1030 2945 1031 2952 ,

107 2963 232 3002 castrorum
252 2953 352 3012 vestigia.
392 2953 446 3001 Duo
464 2954 590 3026 praecipua,
606 2954 649 3002 rita
663 2954 686 3000 iu
704 2955 820 3060 zmviucis
839 2957 982 3013 Anrundolr,

108 3015 212 3075 dictaque
232 3013 371 3060 Burmmurlr
391 3018 415 3058 et
433 3011 551 3070 Maddlebp
569 3013 617 3060 iuse
639 3015 711 3062 desert
727 3015 744 3060 it
764 3015 862 3062 eruditus
882 3015 983 3074 Gordou,

108 3073 261 3124 itinerarium
269 3071 452 3129 Septentrionem,
462 3087 513 3134 pag.
528 3075 554 3119 lii
562 3078 585 3118 et
598 3075 632 3120 l8.
955 3089 960 3098 ⁴

135 3151 269 3213 Actmrtc]
301 3151 429 3204 samana.
440 3151 479 3197 ubi
489 3149 645 3199 Britannorum
662 3151 756 3210 lintres;
773 3151 847 3208 silvas,
859 3151 896 3199 ubi
907 3167 983 3200 eorum

107 3227 169 3258 arma
179 3227 208 3258 ac
217 3211 367 3272 receptacula.
400 3210 443 3256 illa
454 3223 508 3256 vcro
518 3211 629 3258 aestuaria
644 3225 702 3257 nunc
711 3211 802 3257 dicimus
824 3211 876 3266 Dea,
897 3211 983 3266 trulla.

106 3276 127 3316 cl
145 3269 318 3329 memphrua,
336 3270 427 3330 alisque
437 3269 515 3324 multa,
535 3283 593 3331 quae
607 3275 726 3316 occurrunt
741 3285 810 3330 usque
821 3271 985 3318 stlotamet

110 3329 248 3386 Bodotriam,
258 3330 288 3376 de
297 3329 376 3390 quibus
384 3328 472 3376 dicetur
481 3327 538 3374 lutra
545 3343 594 3389 cup.
605 3331 640 3376 23.

136 3408 175 3456 Eu
189 3424 257 3469 nequo
275 3409 375 3469 egerunt]
406 3408 422 3453 i.
434 3421 454 3454 e.
471 3407 569 3454 nondum
589 3406 612 3452 iu
631 3409 743 3465 potestate
753 3406 820 3452 Rom.
840 3407 935 3461 inerant,
946 3403 985 3449 scd

16 3469 17 3516 ζ
110 3467 317 3523 ιιιίἰιιτίε,ϋδετεε.
352 3468 396 3512 Sed
408 3467 573 3521 fatendumst,
583 3463 872 3518 idleniusesse‚qrrsrupro
882 3461 984 3518 eu‚qucd

110 3527 236 3588 opponitur,
246 3527 308 3573 iram
315 3537 415 3582 posuere.
448 3522 509 3570 Era.
