2062 3824
98 171 147 242 92
360 190 447 241 1rnu
474 190 594 240 unare.
620 194 707 242 urus

8 369 9 378 ¹
96 344 276 414 commistae,
294 345 443 426 proximos
466 364 592 423 quosque
618 348 753 406 caedere.
774 364 810 406 ac
834 350 967 427 plerique

8 471 9 474 ¹
95 445 269 510 semineces,
283 450 332 502 aut
351 444 468 518 integri,
492 446 680 504 testinatione
706 447 860 516 victoriae,
879 451 968 510 relin-

8 553 9 562 ’
95 545 264 618 quebantur.
306 543 427 612 iuterim
451 545 580 617 equitum
601 553 713 602 turmae
743 545 853 619 lugere,
884 550 968 606 covi-

93 641 168 700 narii
203 642 330 714 peditum
354 659 386 698 se
412 643 522 714 proelio
545 643 695 700 miscuere.
724 649 762 710 et,
790 662 966 719 quamquam

92 747 242 798 recentem
257 749 393 798 terrorem
409 742 576 806 intulerant,
590 742 689 800 densis
715 751 812 800 tamen
835 743 965 802 bostium

92 838 256 912 agminibus
270 845 300 896 el
313 838 514 912 inaequalibus
529 840 602 895 locis
628 839 807 896 haerebunt:
829 841 965 900 minime·

91 955 147 1012 que
169 938 309 1012 equestris
324 955 358 994 ea
384 954 496 1010 pugnae
519 937 608 994 iacies
622 947 693 1002 erat,
715 955 781 994 cum
806 956 893 1012 aegre
908 940 962 998 diu

90 1040 209 1100 stanles,
224 1037 308 1092 simul
334 1053 469 1110 equorum
494 1037 660 1106 corporibus
686 1036 904 1108 inpellerautur,
925 1055 964 1096 ac

90 1150 178 1204 saepe
195 1135 260 1206 vagi
275 1151 382 1200 currus,
408 1134 540 1190 exterriti
562 1135 626 1190 siue
652 1135 812 1192 rectoribus
833 1137 911 1209 equi,
932 1141 966 1194 ui

89 1213 232 1305 quemque
255 1233 378 1290 formido
402 1234 516 1298 tulerat,
554 1237 743 1299 transversos,
776 1241 825 1290 aut
854 1234 963 1292 obvios

90 1330 287 1388 incursabant.

38 1436 79 1500 37
130 1431 168 1486 Et
194 1428 337 1494 Britanni,
366 1429 415 1503 qui
436 1429 529 1485 adbuc
552 1445 664 1502 pugnae
692 1437 828 1500 expertes
849 1447 963 1488 summa

89 1529 209 1586 collium
236 1527 412 1592 insederant,
445 1535 475 1582 et
509 1528 685 1600 paucitatem
717 1534 877 1584 nostrorum
914 1545 961 1584 va·

89 1628 138 1686 cui
165 1627 349 1698 spernebant,
384 1625 504 1699 degredi
542 1626 702 1695 paullatim,
736 1631 766 1680 et
802 1625 960 1682 circumire

90 1729 170 1798 terga
206 1724 387 1781 vincentium
414 1731 592 1795 coeperant:
628 1725 658 1780 ni
690 1723 814 1795 idipsum
848 1725 959 1780 veritus

90 1824 240 1896 Agricola,
267 1832 387 1896 quatuor
420 1823 547 1894 equitum
581 1825 651 1886 airus,
685 1823 720 1876 ad
755 1820 850 1877 subita
888 1823 960 1880 beili

89 1929 226 1990 retentas,
249 1921 433 1978 venientibus
447 1922 636 1994 opposuisset,
649 1926 811 1994 quantoque
833 1920 959 1978 ferocius

89 2029 281 2087 accurrerant,
296 2027 376 2076 lanto
401 2020 494 2076 acrius
510 2023 605 2090 pulsos
620 2019 649 2074 iu
672 2019 767 2092 iugem
782 2019 959 2078 disiecisset.

89 2118 136 2176 Ita
155 2118 309 2174 consilium
335 2118 538 2174 Britannorum
553 2119 582 2172 in
608 2117 685 2187 ipsos
712 2133 843 2172 versum:
867 2126 959 2175 trans·

89 2223 250 2289 rectaeque
266 2222 419 2287 praecepto
434 2216 526 2272 Ducis
538 2234 555 2270 a
569 2214 662 2272 ironte
676 2215 866 2287 pugnantium
883 2218 958 2287 alae,

119 2367 230 2428 Equilum
253 2372 339 2415 rumas
354 2369 449 2427 sugere]
481 2367 526 2414 iiie
544 2367 599 2414 nihii
624 2381 672 2412 esse
691 2367 748 2420 sitii,
773 2367 812 2412 sed
836 2368 956 2428 plurimum

89 2429 238 2478 cornelianae
249 2428 364 2472 brevitatis
379 2427 482 2472 observat
500 2428 581 2472 illustr.
600 2426 700 2473 Hostius.
733 2425 830 2480 scilieet,
843 2427 911 2472 utriur
928 2441 955 2474 ue

88 2503 184 2550 puppam
195 2501 288 2556 coepere
303 2487 401 2546 pedites:
419 2487 490 2531 iraeto
502 2485 656 2532 Britannorum
672 2485 743 2545 primo
752 2484 847 2542 agmine,
862 2501 877 2546 q
934 2487 958 2532 in

88 2561 161 2616 aequo
170 2551 307 2599 constiterat,
324 2545 407 2590 auxilie
423 2545 575 2590 Romanorum
593 2546 662 2590 aciem
677 2546 700 2588 in
710 2543 778 2588 entier
788 2557 887 2589 erexere.
920 2546 956 2591 iu·

88 2610 153 2652 terrm
175 2605 325 2650 Rornanorum
346 2603 443 2664 equitum
467 2609 560 2656 tnrruae,
586 2617 634 2648 curn
662 2601 815 2648 Britannorum
836 2603 956 2649 corinariia

88 2677 225 2722 congressae,
250 2678 288 2708 eos
312 2661 419 2708 sustinere
443 2677 486 2707 non
510 2662 636 2712 voluerunt,
657 2660 750 2720 ideoque
774 2661 857 2718 fugere.
891 2663 955 2708 Tunc

88 2722 204 2774 scrinarii,
220 2727 243 2766 et
259 2736 297 2767 eos
314 2721 382 2766 secuti
399 2721 484 2780 equites
501 2719 612 2772 Britanni,
630 2719 717 2779 superbi
732 2719 799 2779 quod,
815 2720 893 2778 fugato
908 2721 955 2766 Ro·

86 2795 202 2828 manorum
213 2786 321 2840 equitatu,
332 2785 440 2824 terrorem
451 2778 584 2832 intulissent,
601 2781 699 2836 pediturn
709 2791 732 2822 se
742 2779 828 2838 proelio
839 2779 954 2824 miscuere.

86 2841 121 2887 At
133 2840 233 2886 Rauraci.
250 2839 286 2899 qui
298 2841 400 2898 primum,
417 2837 513 2883 didacus
530 2837 652 2892 ordinibus,
668 2837 810 2892 incesserant,
820 2851 848 2882 ne
862 2837 955 2884 circum·

86 2901 223 2952 recitentur,
235 2906 293 2948 tunc.
305 2897 403 2942 densatis
412 2896 541 2953 agminibus,
557 2895 692 2954 pugnabant,
703 2903 726 2939 ut
737 2897 807 2940 aerius
818 2895 955 2941 resisterent.

87 2957 167 3017 itaque
192 2970 263 3016 neque
287 2955 403 3008 covinnrii,
434 2969 506 3012 neque
535 2963 621 3013 equites
646 2953 747 3000 Britanni
772 2968 809 3000 eor
835 2961 954 3014 penetrare

86 3023 195 3076 potuere:
221 3021 337 3076 praeterea
356 3013 508 3074 inaequalibus
532 3013 585 3057 loeis
610 3011 738 3058 haerebant.
773 3013 838 3057 Unde
862 3013 953 3059 rnininte

86 3073 196 3134 eqrrestris
213 3087 239 3118 ea
259 3086 344 3132 pugnae
366 3069 432 3116 facies
450 3071 497 3120 init.
516 3085 564 3116 enm
580 3071 687 3116 covinarii
703 3078 726 3115 et
742 3071 827 3130 equites
845 3071 954 3128 Britanni,

36 3161 39 3168 ι
85 3147 153 3190 aegre
162 3133 221 3177 clivo
230 3135 322 3186 stanles,
337 3130 401 3174 siruul
411 3144 459 3174 cum
468 3143 573 3190 equorum
583 3129 711 3190 corporibus
727 3129 909 3188 impellerentur,
926 3144 955 3176 aa

86 3205 152 3251 saepe
163 3189 211 3248 vagi
221 3204 303 3242 currus,
319 3188 418 3233 exterriti
434 3188 481 3233 siue
496 3189 617 3234 rectoribus
631 3190 690 3249 equi,
706 3193 728 3232 et
739 3203 847 3247 quemque
857 3189 953 3234 formido

85 3250 179 3305 tulerat,
189 3255 333 3299 tranaversos,
343 3252 383 3292 aut
392 3246 469 3291 obuios
478 3247 625 3293 insonabant.

42 3391 45 3398 Ι
86 3329 165 3432 ¹²¹3lrrt
178 3325 259 3386 sirim]
290 3327 311 3370 T
313 3338 446 3381 ransrersos,
467 3330 507 3371 aut
522 3325 600 3372 obvios
620 3325 706 3387 equitas
720 3321 888 3385 scrinariosque
903 3323 952 3371 ilri-

128 3399 173 3430 nos.

118 3463 198 3525 Vacua]
230 3462 383 3524 Quiapngnae
393 3467 503 3524 expertes.
