2062 3824
68 209 137 280 126
238 233 285 279 us
312 231 540 280 oennonrsvs
567 229 746 280 uranoors

63 405 148 461 qrram
165 385 245 453 Ater,
259 390 308 443 aut
335 385 501 454 Africanus,
519 389 569 444 aut
593 381 717 459 vosipsi
741 401 759 442 a
784 383 934 442 Cicerone
1012 391 1013 436 t

64 492 112 544 aut
130 485 236 542 Asinio
245 484 415 542 recessistis.
657 545 659 552 ,
1012 551 1013 566 3

17 587 52 644 16
105 585 254 658 Magnam,
275 583 367 656 inquit
394 583 558 648 Secundus,
592 586 623 638 et
655 581 775 656 dignam
807 586 935 639 tractatu
1012 577 1013 636 T

63 683 260 757 quaestionem
283 682 408 738 movisti.
437 683 487 737 sed
516 680 579 754 quia
599 698 665 738 earn
685 680 934 753 iustiusexptioa·
1012 715 1013 720 κ

64 782 254 856 verit-quam
276 782 381 854 tuffad
409 779 491 836 euius
519 797 660 836 summam
688 779 884 836 eruditionem
905 783 935 836 et

64 879 342 955 praestantissimum
362 879 511 954 ingenium
526 897 595 936 eura
609 895 721 954 quoque
736 885 766 936 et
781 878 935 936 meditatio
1012 925 1013 928 η

64 967 210 1038 uouessiti
493 977 496 984 ’
1012 979 1013 994 ’

104 1079 142 1134 Et
160 1077 295 1143 Messala,
309 1076 446 1150 aperiam,
458 1077 561 1152 inquit,
582 1075 776 1151 cogitationes
797 1093 889 1142 meas,
907 1073 933 1132 si
1012 1097 1013 1108 ¹

64 1176 135 1233 iliud
151 1194 167 1231 a
184 1177 266 1232 vobis
281 1185 349 1232 ante
373 1177 569 1249 inpetrav‘ero,
584 1173 615 1234 ut
631 1193 683 1232 vos
696 1191 809 1250 quoque
824 1191 934 1232 sermo·

18 1277 19 1280 ’
64 1295 131 1333 nem
147 1278 223 1334 hunc
239 1283 366 1333 nostrum
381 1255 536 1332 adiuvetis.

106 1376 162 1432 Pro
185 1377 304 1442 duobus,
327 1375 419 1448 inquit
445 1375 605 1439 Maternus,
628 1373 772 1446 promitio.
813 1389 883 1428 nam
904 1375 933 1430 et
1012 1351 1013 1424 i

65 1493 119 1548 ego
131 1480 157 1528 et
176 1476 326 1530 Secundus
338 1491 528 1546 exsequemur
542 1479 647 1546 partes,
661 1489 730 1546 quas
751 1471 932 1528 intellexeri·
1012 1517 1013 1546 p

65 1591 136 1637 murs,
165 1579 193 1630 te
218 1591 276 1630 non
307 1579 365 1630 tam
392 1573 534 1637 omisisse,
557 1589 642 1645 quam
667 1571 750 1627 nohis
772 1570 932 1644 reliquisse.

66 1675 178 1744 Aprum
187 1672 266 1729 enim
275 1675 366 1728 solere
376 1671 540 1738 dissentire,
549 1678 577 1727 et
589 1678 618 1727 tu
632 1673 728 1742 pantio
739 1676 808 1726 ante
820 1669 933 1736 dixisti,
1012 1657 1013 1726 1

65 1774 95 1828 et
109 1771 170 1844 ipse
185 1772 255 1828 satis
270 1771 446 1836 manifestus,
468 1770 633 1826 iamdudum
649 1770 678 1826 in
693 1769 871 1825 eontrarium
885 1785 932 1826 ao·
1012 1805 1013 1822 r

65 1871 155 1944 cingi,
180 1889 235 1928 neo
255 1889 346 1946 aequo
368 1871 466 1926 animo
489 1869 612 1942 perterre
637 1869 713 1926 hano
738 1873 866 1924 nostram
881 1883 933 1942 pro

65 1969 245 2043 antiquorum
261 1971 345 2026 laude
356 1968 551 2048 concordiam.

105 2068 132 2122 N
137 2085 174 2123 on
189 2067 277 2130 enim,
293 2067 386 2140 inquit
402 2069 491 2139 Aper,
514 2066 675 2123 inauditum
696 2069 726 2122 et
747 2065 933 2124 indefensum

63 2161 211 2222 saeculrim
239 2171 366 2222 nostrum
396 2165 488 2238 patiar
516 2165 571 2222 hae
596 2172 692 2222 vestra
713 2163 933 2234 conspiratione

62 2243 203 2320 damnari.
245 2265 304 2320 Sed
319 2265 374 2319 hoe
390 2265 510 2336 primum
525 2264 716 2338 interrogabo,
731 2281 802 2336 quos
816 2263 931 2321 vocetis

44 2346 203 2438 ‘o'r'str'quoa
230 2380 316 2436 quam
348 2357 491 2420 oratorum
525 2370 651 2424 aetatem
684 2363 850 2434 signatione
875 2363 933 2425 ista

63 2457 285 2520 determinetis?
305 2461 369 2534 Ego
383 2462 461 2534 enirn
480 2479 546 2517 aum
572 2463 658 2518 aurtio
680 2461 824 2534 antiquos,
850 2477 934 2536 quor·

29 2595 36 2604 ·
63 2562 129 2618 dam
146 2567 259 2617 veteres
273 2566 303 2618 et
316 2561 385 2616 otim
402 2567 484 2616 natos
498 2561 651 2634 intettig03
672 2578 706 2618 ae
729 2562 799 2617 mihi
817 2579 933 2618 versan-

64 2666 109 2717 tur
122 2665 191 2718 unte
205 2663 304 2716 ocutos
317 2660 441 2732 Viysses
450 2667 480 2715 et
495 2661 612 2724 Nestor,
624 2677 741 2734 qrrorum
757 2667 838 2716 aetas
851 2661 933 2718 mitio
1012 2641 1013 2734 1

63 2759 123 2816 iere
136 2765 166 2814 et
188 2760 326 2819 trecentis
341 2759 425 2816 annis
448 2761 597 2815 snenutum
614 2767 742 2816 nostrum
756 2759 931 2816 antecedit:
1012 2757 1013 2804 1

64 2876 117 2916 vos
144 2867 240 2914 autem
270 2860 499 2914 Demosthenem
527 2863 555 2912 et
587 2859 766 2930 Hyperidem
788 2857 932 2929 profertis,
1012 2849 1013 2860 ¹

64 2957 218 3032 quassatis
234 2965 348 3013 constat
370 2955 497 3028 Philippi
514 2963 543 3011 et
572 2957 734 3014 Alexandri
750 2956 932 3028 temporibus
1012 2991 1013 2996 κ

65 3056 212 3112 floruisse:
234 3055 274 3110 ita
300 3062 406 3120 tamen,
435 3061 465 3110 ut
492 3055 602 3128 utrique
627 3055 796 3126 superstites
822 3059 932 3114 essent.
1012 3055 1013 3120 ἐ

64 3153 111 3208 Ex
127 3169 183 3226 quo
198 3157 327 3224 apparet,
346 3169 402 3208 non
419 3154 509 3208 mutto
523 3157 628 3226 piures,
641 3169 726 3228 quam
741 3153 935 3230 quadringena·
1012 3159 1013 3206 ἒ

1012 2157 1013 2184 t

1012 2221 1013 2252 1

1012 2395 1013 2428 i

1012 2443 1013 2490 1

949 2527 980 2554 “

93 3306 168 3357 Quom
178 3307 292 3363 riserant]
324 3304 353 3352 V.
370 3303 447 3355 Quint.
465 3307 499 3360 10,
517 3309 537 3362 1,
555 3309 603 3354 rra.
635 3307 672 3354 De
685 3307 766 3355 Asinio
781 3307 887 3356 Pollione
901 3307 932 3356 ib.
1012 3325 1013 3374 p

66 3367 114 3410 113.
125 3372 149 3410 et
158 3380 222 3424 supra
233 3379 252 3408 o.
268 3367 299 3410 12.
1012 3391 1013 3404 r

93 3443 146 3489 Non
161 3441 328 3502 multoplures]
361 3443 427 3488 Anno
447 3441 532 3501 imperii
551 3443 683 3503 Vespasiani
703 3448 765 3490 sexto
785 3443 879 3492 habitur
899 3445 936 3492 hir
1012 3443 1013 3466 ¹

62 3513 148 3548 sermo:
173 3501 216 3548 hoe
231 3508 274 3562 est,
293 3515 352 3549 anno
371 3501 400 3547 V.
421 3500 448 3546 C.
468 3503 518 3548 828.
551 3503 572 3548 ia
591 3502 670 3548 incidit
688 3502 711 3550 in
728 3517 810 3550 anuuru
826 3509 936 3565 quartu!
1012 3501 1013 3590 i
