2096 3840
44 243 75 310 6
246 268 293 314 nn
318 269 475 319 uoaravs
502 271 713 321 unumunurn

11 418 33 477 3
83 419 208 476 ‘Fuisse
233 423 307 493 apud
335 441 385 478 eos
409 430 438 480 et
464 424 628 482 Herculem'
656 431 825 496 memorant,
853 429 910 501 pri·

42 533 176 591 mumque
199 519 327 576 omnium
353 521 477 578 virorum
504 523 709 581 fortium-ituri
737 525 767 582 iu
797 527 910 597 proelia
947 521 960 544 '

42 621 161 674 canunt.
204 620 279 674 Sunt
304 619 361 675 illis
389 620 463 678 haec
488 640 599 696 quoque
624 607 762 692 carmina,
790 643 911 700 quorum

41 717 143 782 relatu,
170 739 254 793 quern
285 717 427 776 harditum
459 727 576 788 vocant,
603 724 748 781 accedunt
783 723 906 792 animoa,

41 818 207 892 futuraeque
242 837 354 896 pugnae
381 821 523 877 fortunam
555 820 621 892 ipso
653 826 741 878 cautu
768 838 909 895 auguran-

41 923 95 975 tur.
124 923 231 976 terrent
259 919 338 976 enirn
363 919 558 992 trepidantum
583 923 665 992 prout
700 919 796 976 sonuit
820 919 911 978 scies.

40 1015 181 1074 Nectum
196 1017 278 1074 vocis
292 1017 354 1080 ille,
375 1034 461 1091 quam
477 1015 600 1083 virtutis,
623 1023 785 1074 concentus
805 1017 908 1074 viden·

40 1117 93 1172 tur.
136 1113 309 1172 Adieclatur
330 1115 484 1188 praecipue
506 1114 645 1187 asperitas
659 1115 726 1172 soni
740 1119 770 1172 et
783 1115 909 1172 tractum

39 1227 171 1282 murmur,
190 1213 314 1270 obiectis
328 1215 366 1270 ad
382 1231 414 1270 oe
429 1215 529 1276 scutis,
550 1230 607 1287 qno
621 1213 734 1284 plenior
747 1217 777 1270 et
790 1212 910 1286 gravior

39 1327 98 1366 vox
126 1327 292 1382 repercussu
320 1312 503 1369 intumescat.
563 1311 700 1388 Ceterum
728 1315 757 1366 et
784 1309 814 1370 V
812 1309 907 1379 luem,

37 1409 153 1482 quidam
177 1409 341 1480 opinantur,
356 1413 459 1482 ‘longo
485 1409 537 1466 illo
561 1415 592 1466 et
613 1409 742 1466 sabuloso
764 1425 857 1466 errore
872 1409 908 1467 in

38 1508 131 1564 ‘hunc
150 1508 300 1568 Oceanum
321 1509 458 1574 delatum,
482 1507 577 1564 adisse
603 1507 781 1563 Germaniae
805 1513 907 1575 terrae,

37 1603 327 1680 ‘Asciburginmque‚
350 1608 424 1678 qnod
438 1606 468 1662 in
493 1607 556 1678 ripa
579 1605 677 1662 Rheni
698 1605 784 1662 situm
806 1605 907 1662 hodie·

36 1709 115 1778 ‘que
140 1703 283 1774 incolitur,
311 1705 348 1760 ab
371 1704 423 1760 ilio
446 1703 633 1760 constitutum
658 1703 906 1776 nominatumque.

36 1805 148 1859 ‘Aram
162 1802 231 1876 quin
255 1803 344 1859 etiam
358 1801 445 1858 Vlixi
469 1806 682 1869 consecratam,
705 1801 824 1866 ,adiecto
848 1802 908 1866 La·

37 1905 133 1956 ‘ertse
161 1901 248 1972 patris
274 1900 417 1963 nomine·
438 1901 540 1956 eodem
565 1901 631 1956 loeo
654 1899 724 1956 olim
752 1903 907 1970 repertam,

35 2004 294 2070 ‘monumentaque
308 2003 338 2054 et
361 1981 486 2054 tumulos
514 1999 661 2071 quosdam,
684 1997 808 2056 Graecis
828 1995 908 2053 litte·

35 2096 92 2153 ‘ris
120 2097 287 2167 inscriptos,
324 2095 355 2151 in
378 2095 506 2152 confinio
534 2094 710 2152 Germaniae
741 2093 905 2168 Raetisque

35 2196 148 2251 ‘adbuc
163 2192 298 2251 exstare?
312 2211 385 2267 quae
407 2211 500 2268 neque
523 2193 694 2251 confirmare
718 2192 907 2266 argumentis,

65 2347 187 2394 Bor-ditum
208 2347 294 2408 mount]
325 2347 380 2393 Sunt
400 2346 437 2408 qui
457 2347 569 2393 horrihrm
586 2347 693 2393 mallent:
717 2349 741 2392 at
761 2345 850 2392 burrire
867 2349 904 2392 est

34 2407 211 2466 elephantorum,
221 2421 278 2466 quos-
285 2419 312 2452 ne
320 2412 428 2452 noverant
437 2406 526 2464 quidem
536 2405 650 2451 Germani.
684 2404 783 2451 Bnrdire
792 2419 847 2450 vero
856 2418 906 2450 cer·

34 2479 111 2512 vorum
127 2469 173 2512 est:
189 2480 243 2525 qnos
263 2465 389 2526 saepissime
399 2464 519 2510 audiebant
538 2465 686 2523 continuoque
696 2463 834 2508 venabantur
853 2469 901 2508 lum

34 2523 139 2569 Germani
155 2531 201 2570 inm
226 2524 295 2571 Galli.
311 2524 370 2584 apud
388 2537 442 2583 quos
465 2521 620 2568 celeberrimus
637 2523 677 2568 luit
695 2522 800 2568 bardilna
847 2521 905 2568 inde

34 2583 113 2632 Vates.
124 2585 161 2644 qni
171 2584 213 2628 boc
229 2583 318 2630 modulo
328 2582 454 2642 utebantur,
464 2581 519 2628 dicti
536 2587 586 2628 sunt
596 2581 673 2628 Bardi.
703 2581 739 2627 De
753 2580 832 2642 quibus
840 2593 905 2638 egre-

34 2641 71 2700 gie
82 2642 184 2688 Lucanus
196 2643 211 2688 l.
222 2646 271 2688 447.

94 2720 141 2766 Vns
149 2734 243 2780 quoqne,
254 2720 291 2779 qni
301 2720 369 2765 iortes
376 2719 460 2766 animas
468 2719 573 2787 belloque
581 2721 710 2779 peremptos

93 2779 208 2824 Laudibus
217 2779 239 2824 in
248 2779 356 2836 Longum,
365 2784 434 2832 vales,
445 2777 557 2824 dimittitis
567 2792 654 2834 aevum,

94 2837 194 2885 Plurima
202 2838 271 2884 securi
282 2837 367 2883 fudistis
376 2837 472 2882 earmina
481 2836 553 2882 bardi.
762 2834 767 2851 ³
834 2833 899 2898 Brut.

37 2914 110 2974 [Haec
119 2919 195 2972 etymo
204 2915 283 2962 nostris
292 2915 448 2967 cantatoribus,
459 2916 505 2961 sive
521 2915 599 2975 poetis,
619 2927 663 2960 uon
672 2913 739 2958 valde
757 2911 852 2968 adulari,
868 2913 902 2958 ia-

35 2976 126 3020 tendum
136 2980 182 3032 est3
197 2990 225 3020 an
235 2990 248 3020 a
258 2989 373 3028 cervorum
384 2975 480 3028 hanelitu,
492 2989 519 3019 an
529 2973 558 3018 ab
567 2973 735 3033 elephantorum
754 2971 850 3026 barritu,
862 2971 901 3016 de-

35 3033 141 3078 riventur.
172 3034 315 3080 Alllimnerus
333 3033 489 3079 celeberrimus
507 3033 614 3078 blors'tum
630 3031 707 3086 vellet,
724 3032 797 3076 iorsan
815 3029 900 3078 vitulo·

36 3105 84 3136 rum
94 3106 183 3148 sonnm;
199 3101 284 3148 contra,
305 3092 441 3138 Perizonius
459 3091 596 3136 doctissimus
610 3091 665 3147 legit
682 3087 865 3149 inritamquasi,
884 3104 901 3136 a

36 3149 88 3194 tarr
97 3149 157 3204 haur,
168 3165 267 3196 ursorum
277 3165 381 3196 murmur.
413 3149 452 3195 Dii
462 3149 561 3208 deaeque
570 3163 646 3195 ornnes
657 3147 663 3194 !
676 3147 681 3194 !
695 3147 711 3209 l]

64 3226 155 3272 Graecis
163 3227 251 3286 liutem]
282 3227 374 3272 Litteris
384 3227 484 3280 sortasse,
495 3226 530 3272 vir
547 3227 615 3270 credo
632 3225 713 3282 lingna.
746 3224 807 3275 Quid
822 3227 899 3272 entem

35 3283 114 3329 mirum
125 3285 153 3330 de
163 3285 214 3338 illis,
233 3300 282 3330 cum
301 3285 369 3328 etiarn
389 3283 488 3329 Helvetii
506 3292 528 3328 et
542 3283 604 3330 Galli
620 3285 748 3330 litteratura
767 3283 854 3330 Graeca
864 3283 899 3330 usi

35 3342 87 3396 sint,
98 3343 203 3390 Romanis
212 3342 375 3388 characteribus
384 3341 445 3386 iuxta
454 3356 503 3386 cum
518 3341 611 3401 irnperio
622 3341 719 3398 ignotis?
733 3341 795 3396 [ripa.
827 3339 898 3386 Grae·

36 3415 110 3446 aarum
121 3402 233 3447 literarum
253 3415 313 3446 usum
324 3400 390 3444 etiarn
401 3399 472 3445 Gallis
482 3398 559 3445 tribuit
574 3399 658 3444 Caesar
673 3399 698 3444 B.
710 3399 737 3444 G.
747 3403 769 3455 o,
783 3403 814 3444 li.
826 3399 865 3445 ubi
875 3414 896 3446 s.

36 3461 120 3510 Darios
129 3467 152 3509 et
161 3462 264 3511 Oudeod.
275 3459 394 3510 lectionem
404 3457 515 3518 vulgatam
525 3463 586 3505 recte
595 3457 743 3505 defendentes.
775 3456 835 3504 Era.
