2062 3824
451 163 528 233 aar.
558 160 614 233 19.
866 167 932 238 1³1

66 341 182 406 dioendi
210 339 288 398 vias
308 354 368 398 non
395 337 565 398 infirmitate
592 337 715 415 ingenii,
742 355 798 400 neo
818 325 939 402 lnse'ltis

67 445 224 508 literarum,
253 437 435 496 transtulisse
458 455 491 494 se
517 439 554 496 ad
569 438 599 495 id
613 439 734 496 dioendl
759 457 851 515 genus
869 457 940 502 aon·

68 545 165 608 tendo,
192 540 248 598 sed
263 537 374 596 iudiuio
388 541 419 594 et
446 538 612 596 intellectu.
653 537 739 594 Vidit
760 555 893 614 namque,
907 543 940 598 ut

69 644 164 716 paullo
178 645 250 699 ante
265 637 411 702 dicebam,
439 653 505 694 oum
520 635 691 694 conditione
716 641 885 710 temporum,
903 654 940 698 ao

69 739 240 798 diversitate
262 735 383 802 surium,
398 735 518 792 sormam
532 751 644 809 quoque
658 751 695 792 so
722 735 852 808 speeiem
878 753 941 796 ors·

71 838 156 898 tto-is
170 855 238 895 esse
252 835 431 893 mutandam.
485 833 590 891 Fauile
604 833 767 907 perferebat
781 835 859 909 prior
884 835 940 894 ista

72 941 201 1014 populum,
236 941 268 993 ut
301 933 443 1008 inperitus
476 937 507 990 et
544 932 631 999 rudis,
664 933 941 1006 inpeditissimsrum

71 1038 233 1095 orationum
247 1032 361 1106 spatis:
382 1036 468 1105 atque
483 1032 513 1088 id
528 1031 623 1104 ipsum
651 1032 729 1089 laudi
755 1033 886 1100 dabatur,
913 1032 941 1090 si

72 1136 197 1194 diaeum
221 1131 286 1208 quis
309 1131 389 1188 diem
403 1130 556 1188 eximeret.
597 1131 658 1188 Ista
673 1133 841 1207 verolosga
864 1132 942 1207 prin·

71 1235 212 1309 elpiorum
222 1230 412 1304 praeparatio,
422 1235 453 1288 et
463 1228 635 1286 narrationis
644 1231 703 1288 alte
714 1232 836 1304 repetita
850 1232 941 1290 series

72 1335 267 1392 etmultamm
276 1328 454 1386 divisionum
462 1327 630 1396 ostentatio,
650 1334 681 1386 et
697 1330 777 1388 mille
791 1348 941 1406 argumen-

74 1437 163 1490 tosum
188 1430 305 1505 gradus,
318 1433 349 1484 et
372 1427 508 1502 quiequid
529 1427 607 1484 aliud
634 1428 805 1488 aridissimis
820 1431 942 1490 llerms·

74 1547 157 1607 goras
186 1534 219 1586 et
247 1526 422 1600 Apollodori
445 1525 527 1584 lihris
561 1527 745 1600 praecipitur,
772 1528 803 1588 in
832 1529 942 1588 honore

75 1635 149 1687 erat:
170 1633 213 1694 et,
227 1626 253 1684 si
265 1627 340 1701 quis,
354 1626 489 1684 odoratus
506 1624 730 1699 philosophiam,
743 1643 781 1684 ex
795 1643 831 1684 es
845 1629 942 1686 looum

75 1729 202 1805 aliquem
216 1724 343 1785 orationi
369 1741 439 1782 suae
453 1724 604 1791 insereret,
627 1724 658 1782 in
672 1727 787 1812 euplum
810 1727 943 1786 leudibus

74 1827 228 1886 terebatur,
278 1825 345 1882 Neo
360 1824 473 1882 mirum.
526 1823 620 1882 Erant
631 1823 712 1881 enim
728 1824 801 1882 hasa
815 1841 894 1884 nova
912 1829 943 1884 st

75 1925 241 2002 incognite:
262 1927 293 1981 et
316 1923 444 1997 ipsorum
468 1939 581 1997 quoque
604 1927 749 1980 oratorum
775 1923 943 1997 paucissimi

76 2029 231 2100 praesepto
244 2023 399 2090 rhetorum,
413 2025 463 2078 aut
478 2020 720 2100 philosophorum
735 2022 852 2095 placita,
876 2039 943 2100 eog-

75 2127 229 2182 noveraul.
280 2121 324 2178 As
352 2119 480 2178 Heroule
506 2120 685 2194 pervulgatis
713 2119 772 2179 iam
799 2122 943 2191 omnihus,

77 2241 140 2282 eum
150 2221 206 2280 six
217 2220 249 2278 in
263 2233 372 2277 eorons
386 2217 537 2292 quisquam
549 2218 680 2287 adsistat,
706 2219 776 2294 quio
790 2222 943 2282 elementis

101 2395 242 2446 Sediudics'o
258 2399 279 2441 rt
292 2394 415 2456 intellectu]
446 2393 568 2441 Fortassis:
584 2399 605 2441 el
618 2395 710 2442 ἀεικέα.
741 2395 821 2443 Cieero
834 2399 942 2460 proclo.

75 2459 109 2504 th.
138 2453 506 2510 Qusdidemsursrecensorsss'n
514 2453 844 2512 Meetudigm'lals'ssta'uds'u'o
851 2457 943 2514 dutum,

74 2521 115 2564 ete.
147 2515 194 2562 Pro
204 2513 328 2560 Plemiol.
359 2511 516 2568 Populusnou
530 2513 616 2560 delectu
630 2514 704 2583 aliquo
713 2518 754 2560 out
768 2513 944 2571 sopientioiudi-

76 2580 114 2622 cot.
145 2574 233 2621 Noster
246 2571 305 2618 inira
318 2586 337 2618 o·
356 2573 392 2616 22.
409 2585 449 2617 uec
460 2572 509 2616 utto
520 2585 546 2616 re
561 2571 633 2628 magis
649 2572 746 2617 eusdem
761 2572 837 2618 uelatis
850 2579 945 2621 ommes

244 2628 390 2676 sossiudr'oio.
420 2629 517 2676 Primus
531 2631 591 2676 euim
605 2630 701 2677 recoluit
714 2631 834 2677 mulionem
844 2633 945 2680 etosrts's

76 2690 223 2739 ddertumud
236 2689 301 2735 ituit.
333 2687 404 2734 Gran.
436 2691 472 2734 An
488 2687 544 2734 haec
558 2694 620 2734 setas
665 2688 945 2750 tiusverbums'sstetlr'gsre

90 2765 115 2796 ro
128 2749 230 2806 deligere
244 2752 269 2792 et
285 2745 380 2804 diligere
393 2745 471 2794 (linitil
494 2745 551 2792 Plio.
569 2761 606 2807 ep.
647 2749 688 2801 ΙΙΙ,
704 2749 740 2794 23,
756 2761 821 2807 quern
834 2747 945 2808 Legatum

113 2810 119 2820 ’
186 2823 196 2853 s
211 2806 244 2852 s'to
259 2805 398 2852 intelletitet
412 2805 473 2861 cepit.
485 2805 524 2852 ubi
539 2811 563 2850 et
577 2819 620 2864 ego
629 2807 750 2868 aliquando
759 2807 845 2853 tentavi
855 2809 944 2856 ausus.

75 2869 144 2916 lmme
159 2880 208 2925 spse
222 2869 302 2912 auctor
315 2864 388 2910 libelli
404 2864 485 2910 iterum
500 2863 531 2909 sie
545 2864 602 2910 dixit
616 2879 635 2910 r„
651 2868 687 2912 al.
704 2864 764 2912 Era.
782 2867 842 2913 Anu.
853 2867 896 2926 Vl,
907 2871 943 2916 us.

75 2926 200 2974 intellectus
210 2938 253 2985 pro
262 2922 418 2980 intelligentis.
449 2922 486 2968 sic
496 2928 520 2968 et
530 2922 574 2969 hir.

12 3015 13 3018 ’
102 3005 257 3062 Hermagorae
266 3006 287 3048 et
296 3002 424 3058 Apollodori
433 3001 506 3062 tibris]
552 3001 703 3061 Hermagoras
712 3001 738 3060 is,
746 3003 784 3065 qui
794 3003 835 3052 sub
846 3006 880 3054 Au
910 3011 946 3056 sto

75 3063 135 3120 risit,
147 3061 320 3120 intelligendus:
341 3074 384 3106 non
395 3061 463 3113 alter,
477 3061 539 3106 cuius
553 3075 590 3120 ap.
602 3061 734 3108 Ciceronem
749 3063 864 3110 mentioin
901 3072 945 3113 rut.
978 3095 981 3100 ι

76 3125 109 3170 td.
126 3127 150 3168 et
163 3121 234 3226 falibi.
251 3134 272 3166 r.
289 3119 353 3166 (llev.
370 3119 418 3166 Cic.
437 3119 586 3179 Apollodorus
602 3120 750 3181 Pergamenus
771 3123 866 3182 Augusti
880 3137 945 3187 prse-

12 3201 13 3244 j
77 3187 153 3241 sepior
172 3181 214 3228 uit.
993 3221 998 3235 ,

106 3259 152 3304 Vin
170 3258 199 3304 s'ss
215 3257 302 3304 mnino
319 3255 434 3316 msisprsom
453 3255 553 3316 adsistat]
585 3256 632 3302 Alii
652 3269 731 3304 rorans
748 3257 832 3328 legeint.
852 3259 871 3307 si
888 3259 944 3308 iliud

75 3323 168 3374 reatum,
180 3332 223 3363 non
234 3315 296 3362 eliud
310 3315 414 3376 ceperim,
425 3329 490 3375 quam
505 3315 659 3361 subselliorum
674 3316 736 3360 iusta
751 3315 848 3361 tribunal
863 3318 945 3373 losum,

73 3377 152 3437 inquo
168 3390 213 3422 non
231 3374 335 3420 advocali
353 3373 433 3428 solum,
452 3373 491 3418 sed
511 3372 603 3425 scribae,
623 3384 743 3430 praecones
759 3378 827 3430 atque
840 3371 863 3416 id
877 3385 946 3429 genus

70 3448 157 3498 sperae
174 3431 431 3495 rosenmullerus.
463 3431 558 3476 Seruus
578 3429 601 3473 in
618 3433 692 3474 Aetna
702 3441 722 3473 v.
741 3431 791 3474 2⁹⁵.
803 3441 845 3486 pro
861 3427 946 3473 theatri
