2058 3800
378 224 647 300 mansurarum
794 241 797 248 ’
863 234 909 306 27

101 403 254 458 Paterculo
266 417 299 460 ιι.
315 403 364 456 tl.
385 409 422 456 tot
443 410 627 470 ιιιιιιιιιιιιφιι
650 403 787 466 uirtutum.
808 411 870 474 quot
888 413 913 460 el

103 496 218 556 quonlm
228 493 329 539 notura
348 490 468 542 mortalis
490 490 593 556 recipit,
613 490 654 542 vel
674 489 805 542 industrio
825 491 913 557 peret·

101 575 155 642 pil.
194 573 317 632 Proetum
330 573 434 632 aedilis.
447 575 547 635 cononi,
567 573 730 627 Germaniae
742 573 868 632 domitor.
882 579 912 628 et

105 658 277 712 Germanioi
295 674 442 728 cognomen
462 662 577 726 porteris
602 659 726 726 adeptus.
751 659 821 712 obiit
845 675 913 713 anno
1003 659 1022 714 .’

105 744 144 798 U.
164 746 199 798 C.
220 762 337 798 necxuv.
376 747 476 800 Merito
500 749 652 814 appellatus
665 747 767 800 eximia
785 745 914 800 Claudiae

106 833 230 886 familiae
241 833 335 900 gloria,
348 837 378 884 et
390 849 479 886 rarum
501 833 607 900 patriae
628 837 823 884 ornamentum.
860 831 914 886 De·

107 918 233 971 sonetum
247 920 286 970 ita
298 934 346 985 pro
358 919 486 970 concione
505 918 623 970 laudavit
645 918 789 985 Augurum.
810 924 839 969 ul
856 917 915 970 deor

106 1003 398 1070 praemunierimus
414 1005 439 1056 ei
451 1002 574 1056 Caesarea
593 1000 797 1068 messuerunt.-
815 1003 914 1069 allique

109 1097 165 1142 lom
177 1091 314 1142 tumetum
330 1091 479 1158 modoque
500 1091 601 1143 exilum
616 1090 716 1149 aaroni,
729 1105 807 1156 quom
819 1091 861 1144 illi
872 1092 914 1144 de·
1023 1085 1024 1088 ’

108 1177 216 1230 distem.
236 1177 347 1230 Sueten.
370 1180 397 1230 in
416 1178 510 1231 Claud.
531 1195 550 1231 ι.
573 1181 599 1230 in
620 1177 714 1231 liber.
739 1195 776 1231 ιι.
797 1178 848 1233 llio
866 1194 912 1232 nv.
992 1241 1002 1252 ἱ

110 1279 171 1332 pag.
192 1265 252 1314 548.
273 1263 364 1314 Valer.
385 1263 496 1316 Maxim.
518 1279 553 1322 ιι,
567 1267 593 1315 3.
613 1279 684 1316 num.
698 1266 724 1315 n.

145 1347 176 1400 in
189 1349 314 1409 nummio,
337 1347 361 1398 N
364 1365 418 1400 nuo
436 1348 576 1401 Cnuvnrvs
594 1347 700 1401 Dnrsvr
726 1349 912 1402 Gennnnlcn

111 1449 174 1485 rur.
194 1433 221 1486 id
234 1441 286 1494 est,
298 1435 450 1500 imperator.

146 1605 549 1666 Aruornmtnor‚001aviae
571 1608 667 1659 sororia
688 1606 803 1674 Augusti
825 1609 856 1658 et
877 1604 913 1656 ll.

111 1693 226 1746 Antonii
264 1695 398 1747 triumviri
433 1694 494 1752 tilia.
535 1694 649 1746 Neronis
686 1692 792 1745 Claudii
824 1690 915 1742 Druuii

111 1780 218 1845 eonjnx.
257 1777 296 1831 Do
317 1781 367 1832 liae
384 1779 585 1847 spectatissima
603 1777 704 1830 femina
720 1777 823 1830 dietum
837 1790 916 1842 oupra

112 1877 187 1915 num.
203 1866 247 1914 ⁴2.

149 2036 192 2086 80.
212 2027 277 2084 NN.
298 2033 414 2087 Neronis
434 2033 541 2087 Claudii
563 2033 642 2087 Drusi
661 2037 691 2086 et
714 2033 848 2086 Antoniae
869 2031 918 2084 mi·

112 2119 254 2168 uorlsnlll.
291 2121 365 2168 Ante
388 2129 485 2168 annum
497 2119 579 2167 uc.
601 2134 707 2169 mur
723 2119 833 2170 mortui.
852 2117 919 2176 Sue·
975 2155 977 2161 -

113 2205 170 2255 ton.
185 2204 213 2254 in
225 2201 319 2254 Claud.
333 2217 353 2253 1.

97 2434 100 2444 Δ
146 2377 190 2427 81.
211 2372 395 2426 (inanimem
413 2371 532 2434 Cunaro,
560 2371 667 2426 Nerone
692 2371 806 2427 Claudio
831 2371 916 2427 Druso

110 2463 140 2514 et
165 2461 285 2511 Antonia
309 2465 411 2511 minore
434 2461 549 2526 genitus,
574 2461 741 2526 optimorum
770 2464 915 2526 parentum

111 2549 181 2603 filius
195 2551 322 2616 optimos.
336 2556 365 2600 et
379 2549 478 2616 populo
490 2549 610 2600 Romano
630 2549 792 2600 carissimus.
829 2543 916 2595 'l'ibe-

112 2639 177 2696 rius,
197 2638 312 2706 jubente
334 2636 461 2704 Augusto.
484 2635 558 2685 illum
580 2633 721 2700 adoptavit
742 2645 810 2682 anno
823 2627 858 2678 U.
880 2627 912 2678 C.

112 2739 244 2780 noenum:
265 2723 350 2776 laetus
371 2723 508 2789 Princeps,
531 2719 644 2777 invidit;
664 2717 742 2770 bivia
761 2715 865 2767 Pisonis
885 2717 918 2766 et

105 2811 261 2863 -Plancinue
287 2825 389 2861 veneno
408 2808 548 2860 interemit
571 2820 639 2857 anno
660 2803 696 2854 U.
720 2803 751 2855 C.
775 2817 917 2865 ocenum,

113 2897 187 2950 lualid
212 2897 329 2948 multum
359 2897 472 2964 triginta
499 2909 579 2946 annos
610 2905 763 2960 egressuml
790 2893 920 2959 juvenem

114 2985 206 3039 eivills
228 2984 333 3051 ingenii.
359 2981 506 3050 voluptatis
528 2980 670 3040 modicum,
691 2983 748 3034 viso
771 2983 800 3032 et
824 2979 919 3032 auditu

114 3070 312 3125 venerabilem.
327 3084 431 3120 comem
445 3069 472 3120 in
492 3069 585 3124 sorios,
600 3073 767 3120 mansuetum
780 3068 806 3117 ln
819 3067 918 3122 hortea.

118 3155 267 3210 virtutibus
297 3152 450 3206 Alexandro
479 3167 576 3222 magm
605 3149 821 3220 eompurundum,
846 3147 924 3200 nullo
950 3153 956 3168 “

1010 312 1016 405 ἱ
