2096 3840
8 229 9 284 t
89 210 135 276 12
284 227 331 278 na
356 227 515 276 mouture
541 223 755 276 annuarum:

7 359 8 404 Ξ
87 381 180 458 primo
194 399 328 440 numema
343 383 405 450 tuit,
426 383 484 441 iam
503 399 610 442 nomen
620 387 651 440 et
663 383 756 440 honor
769 383 823 439 est.
857 379 953 440 Acies

88 499 140 558 per
161 499 270 540 cuneos
303 481 493 556 componitur.
555 483 668 540 Cedere
693 483 767 548 ioco,
799 481 958 540 dummodo

87 599 181 640 rursus
201 581 300 644 instes,
334 580 451 638 consilii
471 597 556 655 quam
584 579 743 638 formidinis
769 581 957 637 arbitrantur.

88 679 219 752 Corpora
239 696 352 736 suorum
371 679 458 736 etiam
485 679 516 736 in
549 679 643 734 dubiis
672 677 788 750 proeliis
815 678 955 736 referunt.

89 779 211 836 Scotum
246 779 403 852 reliquisse,
434 778 618 850 praecipuum
643 777 792 850 flagitium.
821 793 876 833 nec
903 780 956 834 aut

88 878 177 934 sacris
198 878 310 944 adesse,
324 881 371 932 aut
396 875 553 932 concilium
577 875 661 940 inire,
680 874 873 948 ignominioso
899 873 956 931 ias.

88 975 228 1049 multique
268 974 436 1048 superstites
475 976 616 1032 bellorum
654 973 805 1032 infamiam
848 975 954 1048 laqueo

89 1072 232 1130 finierunt.

57 1181 76 1243 7
129 1171 224 1244 Reges
245 1183 284 1228 ex
312 1169 480 1240 nobilitate;
501 1171 602 1228 Duces
627 1188 665 1227 ex
693 1170 802 1227 virtute
826 1173 954 1228 sumunt.

87 1269 155 1328 Nec
184 1269 311 1340 Regibus
340 1269 455 1328 infinita
487 1277 536 1326 aut
560 1270 651 1327 libera
672 1277 817 1342 potestas:
838 1275 868 1326 et
893 1270 958 1328 Du·

88 1383 139 1424 cea
156 1371 292 1440 exempto
318 1367 423 1440 potius,
446 1383 532 1441 qnam
559 1368 697 1439 irnperio:
717 1367 743 1424 si
768 1368 900 1441 prompti,
926 1367 954 1426 si

87 1467 249 1537 conspicui,
269 1466 295 1522 si
321 1473 390 1523 ante
416 1465 510 1523 aciem
535 1471 632 1539 agant,
653 1467 844 1524 admiratione
872 1485 956 1539 prae-

79 1571 165 1648 sunt.
207 1565 354 1627 Cetemm,
369 1581 462 1638 neque
479 1564 722 1632 animadvertere,
742 1583 836 1639 neque
861 1565 956 1623 vinci·

87 1682 128 1730 re,
150 1681 187 1721 ne
202 1665 354 1720 verberare
376 1662 502 1736 quidem,
523 1662 580 1718 nisi
604 1663 810 1720 Sacerdotibus
834 1663 956 1736 permis·

87 1779 168 1820 aum:
191 1780 249 1819 non
263 1762 345 1836 quasi
374 1763 403 1818 in
432 1778 564 1834 poenam,
592 1778 648 1818 nec
677 1762 770 1818 Ducis
790 1762 879 1828 iussu,
899 1761 954 1820 sed

87 1863 169 1920 vetut
184 1863 250 1918 Deo
264 1862 435 1934 imperante,
455 1878 539 1934 quern
564 1862 666 1917 adesse
692 1861 865 1917 bettantibua
889 1877 953 1918 cre·

87 1961 168 2018 dunt.
189 1960 354 2034 effigiesque
374 1965 404 2018 et
425 1959 509 2042 signa
535 1960 685 2033 quaedam,
713 1961 843 2016 detracta
869 1960 955 2027 tucis,

87 2059 119 2118 in
134 2060 272 2134 proelium
292 2059 395 2115 iemnt.
437 2059 578 2132 Quodque
603 2057 787 2130 praecipuum
811 2057 954 2115 tortitudi-

88 2158 134 2216 nis
159 2158 381 2216 incitamentum
405 2161 459 2222 est,
480 2173 538 2214 uon
565 2173 658 2222 casus,
672 2171 728 2230 nec
754 2155 870 2213 fortuita
883 2173 954 2215 cou-

118 2333 270 2390 Proaripuum
280 2332 410 2402 flagitium]
442 2333 490 2394 idq
536 2347 564 2378 ue
572 2331 683 2379 immerito
697 2332 795 2389 objicere
808 2337 981 2393 commueret·

87 2393 176 2450 injuria.
209 2391 436 2449 tndeiniepeSahca
446 2392 493 2438 Tit.
550 2391 643 2438 xum,
674 2391 954 2450 Siquiadomaingenutas

87 2452 131 2498 otio
140 2451 326 2506 improperaverit,
335 2451 392 2509 quod
398 2455 486 2498 acutum
495 2465 561 2498 suum
565 2449 675 2508 joatoaset,
685 2451 771 2508 etsugo
782 2450 953 2508 umescere,

88 2513 108 2556 ct
117 2523 163 2555 aon
170 2509 400 2566 potueritadpsotare.
432 2524 503 2556 usus.
521 2523 645 2562 avsraaso,
658 2524 692 2554 oc.
703 2509 752 2556 den.
764 2509 901 2567 autfertum
909 2509 950 2556 ot.

87 2567 140 2614 XV.
157 2567 260 2614 Gallicae
279 2571 382 2614 monetae
399 2567 467 2614 libras
487 2571 536 2618 196,
556 2566 674 2622 culpabilis
687 2567 812 2626 judicetur.
844 2567 901 2612 Cum
921 2567 953 2614 ad
1023 2618 1026 2623 ,

87 2626 240 2687 explicandum
251 2626 449 2686 itiuatmndumque
458 2627 516 2672 huno
525 2625 601 2672 Taciti
621 2625 699 2671 tibrum
714 2640 780 2685 saepe
795 2625 906 2671 laudanda
922 2625 955 2671 ait

87 2685 124 2732 lex
134 2684 279 2735 Salica,satis
297 2685 325 2730 sit
341 2685 377 2730 hir
394 2685 558 2746 praemonuisse
577 2685 634 2787 nKud
654 2684 767 2730 Romanos
781 2698 868 2743 semper
885 2684 953 2730 citari

88 2743 159 2801 legem
169 2743 330 2804 materiamque
346 2743 414 2802 legis3
431 2744 462 2790 sic
472 2743 544 2801 legem
555 2757 589 2788 am
607 2742 657 2794 itur,
675 2742 805 2800 majestatis,
842 2743 952 2801 eculatu's,

87 2802 258 2861 repetundarum
269 2801 324 2847 dici:
340 2801 398 2848 haud
418 2801 486 2848 aliter
502 2801 561 2860 apud
580 2800 703 2847 Germanos
721 2801 786 2846 citari
801 2757 909 2860 insiciam
926 2806 953 2848 et

87 2859 296 2917 materiam'judicii.
308 2901 320 2930 l
330 2860 407 2920 itaque
417 2875 488 2906 usas.
505 2875 543 2906 seu
563 2859 715 2916 mathurpium,
734 2860 792 2906 idem
808 2867 842 2904 eat
852 2874 878 2904 ao
891 2859 952 2915 judi-

87 2919 153 2966 cium.
183 2919 526 2977 Austroppensignidcattugere.
538 2931 602 2965 usus
624 2927 781 2966 avaraarocst
791 2918 908 2977 judicium
923 2917 952 2966 da

78 2977 197 3035 fugitivis.
227 2977 288 3024 Vide
297 2978 407 3024 eruditum
418 2978 543 3024 Ecsardum
553 2977 575 3022 in
587 2977 653 3022 Notis
662 2979 690 3022 ad
702 2979 784 3035 Legem
795 2977 898 3024 Salicum,

116 3056 221 3114 Infinita,
237 3060 277 3102 out
295 3055 376 3116 tidem]
406 3057 460 3102 inde
473 3055 594 3109 Ambiorix,
612 3056 748 3108 Eburonum,
759 3055 836 3114 ‚gentis
855 3055 952 3102 Germa·

87 3115 159 3166 nicae,
169 3130 215 3167 rer,
226 3113 377 3174 profitebatur,
387 3129 428 3162 ruo
437 3129 479 3161 ease
488 3113 596 3174 ejaaeamoda'
602 3115 701 3170 imparia,
710 3119 736 3160 ut
746 3129 791 3161 aon
800 3115 877 3160 minua
885 3114 952 3161 dobe-
1041 3123 1042 3130 ¹

87 3173 156 3220 retia
166 3188 187 3218 sa
197 3172 262 3229 juria
277 3173 405 3224 multitudo,
424 3187 491 3230 quam
506 3173 550 3228 ipae
566 3173 593 3218 a'n
609 3173 844 3225 mutitudinemtut.
856 3173 951 3230 Caesar,

88 3231 145 3278 neu.
166 3231 227 3278 Gaii.
253 3231 281 3277 V.
307 3235 343 3277 27.
383 3230 406 3276 Si
426 3231 586 3277 Germanorum
603 3232 809 3292 Canadensiumque
825 3232 894 3289 princi
911 3246 952 3280 um

87 3296 221 3392 mutatam
240 3289 346 3343 conteras,
365 3289 467 3334 eamdem
486 3290 576 3336 omniuo
593 3291 696 3349 reperies.
728 3289 787 3336 Vide
797 3290 821 3336 P.
838 3291 866 3335 de
876 3246 951 3336 Giar-

125 3347 168 3398 oix,
179 3347 221 3393 loc.
238 3347 274 3393 cit.
294 3346 369 3392 Lettra
387 3347 474 3392 xvut.
491 3361 540 3406 pag.
557 3348 607 3394 268.
649 3349 763 3394 Broterius
783 3348 950 3417 comparatione

87 3419 171 3452 morunt
183 3406 260 3452 honum
270 3405 451 3450 (iermanicorum
461 3405 563 3450 cumillis
577 3413 701 3452 nostrorum
719 3407 881 3454 cenedensium
892 3406 949 3456 mire
1040 3419 1041 3422 ’

85 3463 217 3512 delectatur.
250 3466 282 3512 nt
291 3463 350 3510 iuter
360 3477 384 3510 se
394 3466 482 3512 tantum
491 3463 581 3523 sinaites,
591 3463 680 3526 opinor,
689 3471 714 3512 ut
724 3465 813 3512 barbari
824 3465 933 3514 barberio.
