2096 3840
42 265 65 338 8
241 289 288 336 en
318 287 477 337 nonrnva
505 287 721 364 onenariae

46 444 214 516 plerumque
227 441 387 512 inprocera.
409 457 446 497 ne
469 443 606 498 armentis
633 442 749 514 quidem
770 457 839 502 suus
858 439 909 500 lic·

44 559 106 604 nor,
135 546 184 596 aut
208 540 299 612 gloria
331 540 442 596 tronus.
478 557 597 596 numero
626 541 762 614 gaudent.
798 558 909 614 eaeque

43 643 123 697 solae
134 647 163 695 et
177 639 356 712 gratissimae
371 657 441 710 opes
455 647 530 696 sunt.
574 643 735 714 Argentum
759 645 788 696 et
807 657 908 700 aurum

43 721 159 812 propitii
175 755 211 794 en
238 737 303 793 irati
326 737 377 794 Dii
406 739 587 810 negaverint.
614 720 724 795 dubito.
774 738 841 797 Nee
868 743 911 798 ta·

43 853 111 896 men
140 836 362 898 adfirmaverim,
387 838 494 892 nullam
531 835 707 893 Germaniae
729 853 835 894 venam
865 854 909 894 ar-

43 941 162 1009 gentum
183 951 322 992 aurumve
342 935 469 1008 gignere.
490 935 554 1000 ouis
573 937 652 992 enirn
679 940 820 994 scrutatus
840 931 910 994 eall

42 1035 225 1108 possessione
252 1039 282 1088 et
296 1050 346 1089 usu
375 1033 451 1090 haud
479 1034 599 1106 perinde
626 1033 808 1092 adliciuntur.
852 1033 908 1095 Eat

44 1131 144 1188 ridere
159 1131 232 1204 apud
248 1132 314 1188 illos
334 1137 472 1204 argenteo
497 1149 576 1197 rasa,
597 1132 701 1206 legatis
714 1137 745 1189 et
768 1130 912 1204 Principi-

43 1231 96 1286 bus
119 1246 218 1286 eorum
243 1230 355 1286 muneri
374 1232 451 1297 data,
479 1245 536 1286 non
552 1231 582 1287 in
597 1229 654 1287 alia
678 1230 801 1295 vilitate,
821 1246 909 1302 quem

44 1345 117 1402 quae
132 1330 219 1386 humo
243 1331 410 1403 tinguntur:
429 1346 600 1404 quamquam
615 1327 748 1401 proximi,
768 1329 807 1384 ob
827 1344 910 1392 usum

43 1429 293 1494 commerciorum,
321 1445 421 1484 aurum
455 1435 485 1484 et
512 1434 664 1501 argentum
684 1426 715 1484 in
740 1427 832 1498 pretio
859 1427 909 1484 lra-

43 1526 123 1592 beat,
144 1527 305 1600 formaeque
332 1527 471 1600 quasdam
496 1535 611 1582 nostrae
638 1525 779 1598 pecuniae
806 1541 910 1598 agnos·

42 1631 113 1682 cunt
139 1631 225 1698 atque
251 1625 384 1698 eligunt:
416 1625 568 1682 interiores
597 1623 758 1695 simplicius
778 1629 809 1680 et
829 1622 904 1680 euti·

45 1723 127 1796 quiue
162 1723 372 1794 permutatione
397 1724 536 1780 mercium
558 1727 684 1780 utuntur.
745 1721 909 1784 Pecuniam

46 1822 171 1894 probent
184 1826 314 1878 veterem
331 1827 362 1878 ct
374 1823 423 1880 diu
445 1830 554 1890 notam,
573 1829 706 1888 serrator,
726 1820 909 1896 bigatosque«

41 1994 129 2042 eoelum
141 1995 255 2056 solumque
265 1994 383 2042 mitescere
391 2000 520 2055 coeperunt,
531 2009 579 2040 cum
590 1995 697 2040 immense
713 1994 818 2041 silvanum
834 1993 910 2054 spatie

41 2053 130 2099 incensa
139 2061 197 2099 sunt.
232 2055 296 2099 Adde
304 2053 427 2099 Germanos
438 2067 466 2098 ue
474 2053 589 2110 lrugileraa
605 2053 694 2112 quidem
706 2053 795 2100 arborea
804 2052 909 2112 coluisse,

41 2111 144 2172 solasque
152 2117 237 2170 segetes
246 2117 321 2158 terrae
330 2111 457 2172 imperasse.
467 2119 492 2157 ut
502 2113 588 2158 dicetur
596 2111 653 2157 inira
662 2126 711 2173 cap.
722 2116 757 2159 26.

71 2189 209 2248 Plerumque
223 2189 363 2250 inprocera]
396 2189 421 2236 lt
428 2189 477 2245 jam
487 2189 630 2235 observatum
640 2205 714 2249 supra.
728 2190 809 2238 Annal.
818 2188 858 2235 lV.
869 2191 908 2244 72.

42 2248 68 2296 ld
78 2248 129 2294 aliis
143 2263 231 2309 quoque
247 2247 372 2294 nationibus
389 2249 491 2303 arduum,
508 2249 567 2307 apud
584 2248 708 2295 Germanos
725 2248 833 2294 difficilius
850 2247 911 2294 tole·

41 2305 139 2360 rebatur,
151 2308 199 2366 quie
210 2307 331 2365 ingentium
340 2306 465 2352 belluarum
475 2308 559 2352 lernaea
568 2307 645 2363 saltus,
656 2308 742 2352 modica
752 2307 812 2352 domi
822 2320 911 2354 armeu-

41 2369 129 2412 ‘³⁵⁰¹¹²'
144 2369 202 2434 ‘5⁰⁰'
220 2369 241 2411 ⁴·
259 2379 309 2458 ⁹³5·
320 2366 451 2469 ²332}ss
469 2369 559 2470 iiim
576 2366 910 2472 mittitete&

40 2437 306 2536 pmppprtpmffioffi·
316 2488 339 2527 et
349 2457 451 2527 omnibus
467 2483 524 2528 oriris
537 2439 619 2536 ’rrrqcum
638 2497 665 2527 co
680 2482 733 2530 ionis
751 2481 855 2542 pinguibu

41 2539 102 2608 cipis,
114 2540 176 2596 largo
186 2547 239 2600 potu
249 2541 271 2584 in
279 2539 454 2608 magnitudinem
471 2547 630 2608 excrescerent.
661 2497 755 2588 &rutra
762 2554 844 2601 peoora
856 2495 913 2599 at:

41 2611 89 2648 rus.
100 2599 190 2654 frigore.
201 2598 252 2653 gelu
261 2599 300 2642 diu
311 2598 382 2654 rigida
397 2607 556 2654 minuerentur,
573 2612 619 2644 rme
629 2611 656 2642 ea
671 2599 750 2644 trontis
760 2598 838 2657 gloria,
849 2611 909 2658 quae

41 2656 99 2702 adeo
109 2655 184 2700 vivide
193 2655 274 2700 emicet
284 2656 305 2699 in
317 2655 343 2700 iis
357 2654 457 2700 omnibus
477 2657 539 2711 locis,
559 2655 595 2701 ubi
617 2669 718 2702 aerenum
736 2658 859 2720 indiamque
873 2662 911 2708 eet

41 2715 135 2762 coetum.
170 2717 262 2759 llutato
271 2720 348 2774 portes
365 2713 500 2760 Germaniae
514 2715 584 2766 cultu,
600 2720 688 2760 mutata
702 2729 790 2776 quoque
804 2728 910 2776 pecorum

40 2773 119 2825 mama.
129 2778 153 2818 et
161 2774 222 2820 luere
233 2772 367 2832 proceriore.
400 2771 485 2817 Pecora
495 2778 569 2818 autem
589 2778 639 2817 aunt
654 2786 715 2828 ores,
732 2790 756 2819 ca
774 2787 820 2826 rac.
832 2774 909 2837 boves,

38 2833 200 2888 irrmeutamtc.
235 2834 341 2876 Armenta
351 2831 446 2876 maxime
456 2830 530 2876 boves.
563 2829 623 2877 Vide
634 2829 718 2888 Digest.
730 2789 792 2879 mir.
804 2831 907 2882 XXXI!-

41 2890 70 2936 de
81 2889 160 2946 legatis
170 2897 193 2936 et
203 2889 374 2936 fideicommissis
393 2887 439 2934 Tit.
451 2891 472 2936 3.
485 2889 528 2948 leg.
540 2891 576 2946 81,
594 2895 618 2934 et
627 2888 690 2936 Liba.
708 2891 736 2938 1..
757 2891 806 2938 Tit.
828 2895 860 2938 lli.
878 2891 909 2940 de

40 2947 159 3002 serberiam
169 2948 288 3008 significati
297 2962 339 3004 rne,
350 2948 393 3006 leg.
404 2949 439 2994 tu.

71 3025 123 3072 Non
133 3028 159 3073 in
167 3027 213 3072 alio
222 3027 317 3086 vilitate]
360 3027 384 3071 ld
395 3032 437 3079 eet,
447 3025 496 3085 peri
506 3025 610 3085 vilitate;
624 3041 663 3073 eeu
673 3040 744 3088 aeque
753 3027 809 3074 vilis
825 3031 850 3074 et
868 3027 907 3076 iias

41 3083 91 3130 dem
102 3084 181 3139 usibus.
192 3100 218 3131 ac
228 3099 285 3145 quae
296 3086 363 3132 trumo
373 3086 490 3141 finguntur.

69 3161 176 3217 Sacrator,
190 3163 341 3224 BignwsqneJ'
368 3161 486 3208 interiores
496 3161 602 3208 Germani
612 3161 743 3224 simpliciter
753 3164 856 3234 agebant,
872 3169 904 3223 et,

40 3225 66 3268 ut
76 3234 122 3266 mor
132 3220 232 3266 barbaria
246 3221 354 3272 omniurn.
366 3218 529 3278 permutatione
546 3221 673 3267 utebantur.
705 3223 780 3270 [them
795 3231 870 3272 autem
879 3229 905 3276 et

41 3277 138 3326 Danubii
151 3280 202 3339 ripis
212 3279 312 3339 proximi,
322 3279 352 3323 ob
361 3291 423 3323 nrum
438 3277 626 3333 commerciorum,
637 3295 714 3326 aarum
725 3285 749 3326 et
758 3287 872 3340 argeutum
881 3282 905 3329 io

40 3337 114 3396 pretio
125 3337 248 3383 habebant:
268 3335 464 3395 formasquesrlarn
486 3336 600 3382 Romanae
621 3341 729 3396 pecuniae
747 3340 905 3398 agnoscebant,

40 3398 107 3455 atque
117 3396 235 3452 eligebant.
269 3395 386 3444 l‘ecrmiam
397 3391 520 3452 probabant
532 3400 630 3440 veterem
645 3403 668 3441 et
678 3397 716 3443 diu
732 3404 816 3450 uotam.
833 3413 904 3444 serm·

40 3456 76 3498 tos
86 3453 179 3498 mmimc
188 3459 212 3498 et
223 3453 307 3510 bigator
316 3451 425 3496 denarios.
456 3451 506 3501 Qua
515 3453 538 3496 in
548 3465 572 3497 re
582 3467 605 3497 ae
614 3455 752 3502 cautissimos
758 3457 906 3516 praebebant,

41 3510 264 3570 norehrbaromm,
280 3509 409 3572 catallis·
423 3523 510 3570 semper
519 3511 647 3572 opinantur.
678 3513 739 3562 liam
747 3514 906 3564 necimmeri-
