<?xml version="1.0" encoding="UTF-8"?>
<!DOCTYPE html PUBLIC "-//W3C//DTD XHTML 1.0 Transitional//EN"
    "http://www.w3.org/TR/xhtml1/DTD/xhtml1-transitional.dtd">
<html xmlns="http://www.w3.org/1999/xhtml" xml:lang="en" lang="en">
 <head>
  <title>
</title>
<meta http-equiv="Content-Type" content="text/html;charset=utf-8" />
  <meta name='ocr-system' content='tesseract 3.04.00' />
  <meta name='ocr-capabilities' content='ocr_page ocr_carea ocr_par ocr_line ocrx_word'/>
</head>
<body>
  <div class='ocr_page' id='page_1' title='image "./operaexrecensio00tacigoog_0091.png"; bbox 0 0 2096 3840; ppageno 0'>
   <div class='ocr_carea' id='block_1_1' title="bbox 19 275 689 344">
    <p class='ocr_par' dir='ltr' id='par_1_1' title="bbox 19 275 689 344">
     <span class='ocr_line' id='line_1_1' title="bbox 19 275 689 344; baseline -0.009 1"><span class='ocrx_word' id='word_1_1' title='bbox 19 319 20 322; x_wconf 59' lang='lat'><em>=</em></span> <span class='ocrx_word' id='word_1_2' title='bbox 102 275 150 344; x_wconf 84' lang='lat' dir='ltr'><strong>m</strong></span> <span class='ocrx_word' id='word_1_3' title='bbox 349 293 436 342; x_wconf 79' lang='lat' dir='ltr'><strong>avari</strong></span> <span class='ocrx_word' id='word_1_4' title='bbox 462 293 582 343; x_wconf 80' lang='lat' dir='ltr'><strong>annio.</strong></span> <span class='ocrx_word' id='word_1_5' title='bbox 603 293 689 342; x_wconf 71' lang='lat' dir='ltr'><strong>vrri</strong></span> 
     </span>
    </p>
   </div>
   <div class='ocr_carea' id='block_1_2' title="bbox 10 447 969 1910">
    <p class='ocr_par' dir='ltr' id='par_1_2' title="bbox 10 447 969 1910">
     <span class='ocr_line' id='line_1_2' title="bbox 99 447 968 522; baseline 0.001 -15"><span class='ocrx_word' id='word_1_6' title='bbox 99 451 184 516; x_wconf 90' lang='lat' dir='ltr'><strong>ultro,</strong></span> <span class='ocrx_word' id='word_1_7' title='bbox 203 450 324 506; x_wconf 80' lang='lat' dir='ltr'><strong>eaetella</strong></span> <span class='ocrx_word' id='word_1_8' title='bbox 346 447 448 512; x_wconf 89' lang='lat' dir='ltr'><strong>adorti,</strong></span> <span class='ocrx_word' id='word_1_9' title='bbox 469 453 587 514; x_wconf 88' lang='lat' dir='ltr'><strong>metum,</strong></span> <span class='ocrx_word' id='word_1_10' title='bbox 612 454 643 506; x_wconf 92' lang='lat' dir='ltr'><strong>ut</strong></span> <span class='ocrx_word' id='word_1_11' title='bbox 662 452 865 522; x_wconf 75' lang='lat' dir='ltr'><strong>provocantes,</strong></span> <span class='ocrx_word' id='word_1_12' title='bbox 886 449 968 508; x_wconf 89' lang='lat' dir='ltr'><strong>addi·</strong></span> 
     </span>
     <span class='ocr_line' id='line_1_3' title="bbox 99 541 969 622; baseline -0.002 -16"><span class='ocrx_word' id='word_1_13' title='bbox 99 549 223 606; x_wconf 86' lang='lat' dir='ltr'><strong>derant:</strong></span> <span class='ocrx_word' id='word_1_14' title='bbox 248 541 524 622; x_wconf 55' lang='lat' dir='ltr'>regrediendumque</span> <span class='ocrx_word' id='word_1_15' title='bbox 554 549 628 604; x_wconf 84' lang='lat' dir='ltr'><strong>oltra</strong></span> <span class='ocrx_word' id='word_1_16' title='bbox 656 548 834 615; x_wconf 77' lang='lat' dir='ltr'><strong>Bodotriam,</strong></span> <span class='ocrx_word' id='word_1_17' title='bbox 855 555 885 604; x_wconf 88' lang='lat' dir='ltr'><strong>et</strong></span> <span class='ocrx_word' id='word_1_18' title='bbox 916 565 969 605; x_wconf 82' lang='lat' dir='ltr'><strong>ex-</strong></span> 
     </span>
     <span class='ocr_line' id='line_1_4' title="bbox 99 647 969 720; baseline 0 -16"><span class='ocrx_word' id='word_1_19' title='bbox 99 647 262 704; x_wconf 87' lang='lat' dir='ltr'><strong>eedendum</strong></span> <span class='ocrx_word' id='word_1_20' title='bbox 283 647 385 718; x_wconf 83' lang='lat' dir='ltr'><strong>pollue,</strong></span> <span class='ocrx_word' id='word_1_21' title='bbox 405 663 491 720; x_wconf 87' lang='lat' dir='ltr'><strong>quam</strong></span> <span class='ocrx_word' id='word_1_22' title='bbox 512 647 696 718; x_wconf 87' lang='lat' dir='ltr'><strong>pellerentur,</strong></span> <span class='ocrx_word' id='word_1_23' title='bbox 716 647 815 718; x_wconf 85' lang='lat' dir='ltr'><strong>apeoie</strong></span> <span class='ocrx_word' id='word_1_24' title='bbox 843 647 969 718; x_wconf 89' lang='lat' dir='ltr'><strong>pruden-</strong></span> 
     </span>
     <span class='ocr_line' id='line_1_5' title="bbox 99 744 967 818; baseline 0 -16"><span class='ocrx_word' id='word_1_25' title='bbox 99 744 171 802; x_wconf 86' lang='lat' dir='ltr'><strong>tium</strong></span> <span class='ocrx_word' id='word_1_26' title='bbox 202 745 304 818; x_wconf 85' lang='lat' dir='ltr'><strong>ignavi</strong></span> <span class='ocrx_word' id='word_1_27' title='bbox 333 745 547 802; x_wconf 88' lang='lat' dir='ltr'><strong>admonebant:</strong></span> <span class='ocrx_word' id='word_1_28' title='bbox 577 761 643 802; x_wconf 85' lang='lat' dir='ltr'><strong>uum</strong></span> <span class='ocrx_word' id='word_1_29' title='bbox 665 745 782 802; x_wconf 85' lang='lat' dir='ltr'><strong>iuterim</strong></span> <span class='ocrx_word' id='word_1_30' title='bbox 802 744 967 818; x_wconf 72' lang='lat' dir='ltr'><strong>cognoscit,</strong></span> 
     </span>
     <span class='ocr_line' id='line_1_6' title="bbox 98 844 967 917; baseline -0.001 -16"><span class='ocrx_word' id='word_1_31' title='bbox 98 846 195 902; x_wconf 81' lang='lat' dir='ltr'><strong>boalea</strong></span> <span class='ocrx_word' id='word_1_32' title='bbox 216 845 342 916; x_wconf 78' lang='lat' dir='ltr'><strong>pluribus</strong></span> <span class='ocrx_word' id='word_1_33' title='bbox 372 844 534 917; x_wconf 73' lang='lat' dir='ltr'><strong>agminibus</strong></span> <span class='ocrx_word' id='word_1_34' title='bbox 562 844 733 914; x_wconf 84' lang='lat' dir='ltr'><strong>inrupturoa.</strong></span> <span class='ocrx_word' id='word_1_35' title='bbox 776 849 833 910; x_wconf 84' lang='lat' dir='ltr'><strong>Ao,</strong></span> <span class='ocrx_word' id='word_1_36' title='bbox 862 861 900 900; x_wconf 90' lang='lat' dir='ltr'><strong>ne</strong></span> <span class='ocrx_word' id='word_1_37' title='bbox 920 859 967 900; x_wconf 82' lang='lat' dir='ltr'><strong>au·</strong></span> 
     </span>
     <span class='ocr_line' id='line_1_7' title="bbox 96 941 965 1017; baseline 0 -17"><span class='ocrx_word' id='word_1_38' title='bbox 96 950 216 1017; x_wconf 83' lang='lat' dir='ltr'><strong>perante</strong></span> <span class='ocrx_word' id='word_1_39' title='bbox 245 961 363 1001; x_wconf 89' lang='lat' dir='ltr'><strong>numero</strong></span> <span class='ocrx_word' id='word_1_40' title='bbox 395 949 425 1000; x_wconf 87' lang='lat' dir='ltr'><strong>&#39;et</strong></span> <span class='ocrx_word' id='word_1_41' title='bbox 459 941 562 1016; x_wconf 84' lang='lat' dir='ltr'><strong>peritia</strong></span> <span class='ocrx_word' id='word_1_42' title='bbox 590 945 717 1000; x_wconf 81' lang='lat' dir='ltr'><strong>locorum</strong></span> <span class='ocrx_word' id='word_1_43' title='bbox 748 941 965 1009; x_wconf 76' lang='lat' dir='ltr'><strong>circumiretur,</strong></span> 
     </span>
     <span class='ocr_line' id='line_1_8' title="bbox 97 1043 826 1116; baseline 0 -16"><span class='ocrx_word' id='word_1_44' title='bbox 97 1044 194 1101; x_wconf 78' lang='lat' dir='ltr'><strong>divino</strong></span> <span class='ocrx_word' id='word_1_45' title='bbox 206 1049 236 1103; x_wconf 88' lang='lat' dir='ltr'><strong>el</strong></span> <span class='ocrx_word' id='word_1_46' title='bbox 250 1045 313 1116; x_wconf 81' lang='lat' dir='ltr'><strong>ipae</strong></span> <span class='ocrx_word' id='word_1_47' title='bbox 327 1044 358 1100; x_wconf 92' lang='lat' dir='ltr'><strong>in</strong></span> <span class='ocrx_word' id='word_1_48' title='bbox 373 1049 430 1100; x_wconf 78' lang='lat' dir='ltr'><strong>tren</strong></span> <span class='ocrx_word' id='word_1_49' title='bbox 445 1049 540 1116; x_wconf 76' lang='lat' dir='ltr'><strong>partes</strong></span> <span class='ocrx_word' id='word_1_50' title='bbox 553 1044 685 1102; x_wconf 76' lang='lat' dir='ltr'><strong>exercitu</strong></span> <span class='ocrx_word' id='word_1_51' title='bbox 697 1043 826 1100; x_wconf 80' lang='lat' dir='ltr'><strong>inoestit.</strong></span> 
     </span>
     <span class='ocr_line' id='line_1_9' title="bbox 44 1136 967 1216; baseline 0.007 -22"><span class='ocrx_word' id='word_1_52' title='bbox 44 1136 85 1194; x_wconf 74' lang='lat' dir='ltr'><strong>ab</strong></span> <span class='ocrx_word' id='word_1_53' title='bbox 137 1143 222 1214; x_wconf 82' lang='lat' dir='ltr'><strong>Quod</strong></span> <span class='ocrx_word' id='word_1_54' title='bbox 237 1143 286 1200; x_wconf 89' lang='lat' dir='ltr'><strong>ubi</strong></span> <span class='ocrx_word' id='word_1_55' title='bbox 298 1144 447 1216; x_wconf 81' lang='lat' dir='ltr'><strong>cognitum</strong></span> <span class='ocrx_word' id='word_1_56' title='bbox 463 1143 548 1206; x_wconf 82' lang='lat' dir='ltr'><strong>horti,</strong></span> <span class='ocrx_word' id='word_1_57' title='bbox 563 1148 673 1199; x_wconf 87' lang='lat' dir='ltr'><strong>mutato</strong></span> <span class='ocrx_word' id='word_1_58' title='bbox 687 1149 806 1214; x_wconf 87' lang='lat' dir='ltr'><strong>repenle</strong></span> <span class='ocrx_word' id='word_1_59' title='bbox 828 1143 967 1212; x_wconf 79' lang='lat' dir='ltr'><strong>coneilio,</strong></span> 
     </span>
     <span class='ocr_line' id='line_1_10' title="bbox 96 1240 967 1314; baseline 0.002 -16"><span class='ocrx_word' id='word_1_60' title='bbox 96 1240 228 1298; x_wconf 77' lang='lat' dir='ltr'><strong>universi</strong></span> <span class='ocrx_word' id='word_1_61' title='bbox 256 1257 362 1298; x_wconf 89' lang='lat' dir='ltr'><strong>nouam</strong></span> <span class='ocrx_word' id='word_1_62' title='bbox 391 1242 547 1314; x_wconf 81' lang='lat' dir='ltr'><strong>legionem,</strong></span> <span class='ocrx_word' id='word_1_63' title='bbox 573 1249 604 1298; x_wconf 92' lang='lat' dir='ltr'><strong>ut</strong></span> <span class='ocrx_word' id='word_1_64' title='bbox 632 1241 758 1299; x_wconf 79' lang='lat' dir='ltr'><strong>maxime</strong></span> <span class='ocrx_word' id='word_1_65' title='bbox 792 1241 967 1309; x_wconf 87' lang='lat' dir='ltr'><strong>invalidam,</strong></span> 
     </span>
     <span class='ocr_line' id='line_1_11' title="bbox 12 1340 965 1430; baseline -0.002 -30"><span class='ocrx_word' id='word_1_66' title='bbox 12 1379 13 1430; x_wconf 44' lang='lat' dir='ltr'><strong>p</strong></span> <span class='ocrx_word' id='word_1_67' title='bbox 94 1347 183 1400; x_wconf 84' lang='lat' dir='ltr'><strong>noete</strong></span> <span class='ocrx_word' id='word_1_68' title='bbox 197 1340 332 1414; x_wconf 80' lang='lat' dir='ltr'><strong>adgreaai,</strong></span> <span class='ocrx_word' id='word_1_69' title='bbox 346 1340 423 1398; x_wconf 92' lang='lat' dir='ltr'><strong>inter</strong></span> <span class='ocrx_word' id='word_1_70' title='bbox 436 1357 568 1398; x_wconf 79' lang='lat' dir='ltr'><strong>somnum</strong></span> <span class='ocrx_word' id='word_1_71' title='bbox 582 1357 617 1398; x_wconf 89' lang='lat' dir='ltr'><strong>ao</strong></span> <span class='ocrx_word' id='word_1_72' title='bbox 630 1341 853 1412; x_wconf 71' lang='lat' dir='ltr'><strong>trepidationem</strong></span> <span class='ocrx_word' id='word_1_73' title='bbox 865 1342 965 1399; x_wconf 75' lang='lat' dir='ltr'><strong>caenia</strong></span> 
     </span>
     <span class='ocr_line' id='line_1_12' title="bbox 11 1429 963 1514; baseline -0.001 -15"><span class='ocrx_word' id='word_1_74' title='bbox 11 1454 13 1510; x_wconf 74' lang='lat' dir='ltr'><strong>l</strong></span> <span class='ocrx_word' id='word_1_75' title='bbox 95 1440 243 1513; x_wconf 81' lang='lat' dir='ltr'><strong>vigilibus,</strong></span> <span class='ocrx_word' id='word_1_76' title='bbox 263 1439 407 1511; x_wconf 88' lang='lat' dir='ltr'><strong>inrupere.</strong></span> <span class='ocrx_word' id='word_1_77' title='bbox 450 1429 568 1513; x_wconf 63' lang='lat' dir='ltr'><strong>lamdue</strong></span> <span class='ocrx_word' id='word_1_78' title='bbox 589 1440 620 1496; x_wconf 89' lang='lat' dir='ltr'><strong>iu</strong></span> <span class='ocrx_word' id='word_1_79' title='bbox 641 1440 711 1512; x_wconf 75' lang='lat' dir='ltr'><strong>ipsiu</strong></span> <span class='ocrx_word' id='word_1_80' title='bbox 735 1440 838 1497; x_wconf 81' lang='lat' dir='ltr'><strong>cestria</strong></span> <span class='ocrx_word' id='word_1_81' title='bbox 853 1457 963 1514; x_wconf 87' lang='lat' dir='ltr'><strong>pugua-</strong></span> 
     </span>
     <span class='ocr_line' id='line_1_13' title="bbox 11 1523 963 1611; baseline -0.002 -13"><span class='ocrx_word' id='word_1_82' title='bbox 11 1523 12 1556; x_wconf 56' lang='lat'>¹</span> <span class='ocrx_word' id='word_1_83' title='bbox 94 1541 173 1603; x_wconf 87' lang='lat' dir='ltr'><strong>bant,</strong></span> <span class='ocrx_word' id='word_1_84' title='bbox 192 1555 259 1596; x_wconf 88' lang='lat' dir='ltr'><strong>oum</strong></span> <span class='ocrx_word' id='word_1_85' title='bbox 277 1539 422 1611; x_wconf 79' lang='lat' dir='ltr'><strong>Agricola,</strong></span> <span class='ocrx_word' id='word_1_86' title='bbox 443 1538 499 1594; x_wconf 89' lang='lat' dir='ltr'><strong>iter</strong></span> <span class='ocrx_word' id='word_1_87' title='bbox 519 1539 643 1594; x_wconf 81' lang='lat' dir='ltr'><strong>nostium</strong></span> <span class='ocrx_word' id='word_1_88' title='bbox 668 1541 705 1594; x_wconf 89' lang='lat' dir='ltr'><strong>ab</strong></span> <span class='ocrx_word' id='word_1_89' title='bbox 729 1540 963 1611; x_wconf 74' lang='lat' dir='ltr'><strong>exploratoribus</strong></span> 
     </span>
     <span class='ocr_line' id='line_1_14' title="bbox 10 1631 964 1713; baseline -0.002 -17"><span class='ocrx_word' id='word_1_90' title='bbox 10 1631 12 1676; x_wconf 77' lang='lat' dir='ltr'>J</span> <span class='ocrx_word' id='word_1_91' title='bbox 93 1639 222 1704; x_wconf 77' lang='lat' dir='ltr'><strong>edoctus,</strong></span> <span class='ocrx_word' id='word_1_92' title='bbox 243 1643 272 1694; x_wconf 92' lang='lat' dir='ltr'><strong>et</strong></span> <span class='ocrx_word' id='word_1_93' title='bbox 293 1638 427 1710; x_wconf 79' lang='lat' dir='ltr'><strong>vestigiis</strong></span> <span class='ocrx_word' id='word_1_94' title='bbox 459 1638 617 1702; x_wconf 77' lang='lat' dir='ltr'><strong>irreeeutue,</strong></span> <span class='ocrx_word' id='word_1_95' title='bbox 649 1637 850 1696; x_wconf 77' lang='lat' dir='ltr'><strong>velocissimos</strong></span> <span class='ocrx_word' id='word_1_96' title='bbox 881 1637 964 1713; x_wconf 85' lang='lat' dir='ltr'><strong>equi·</strong></span> 
     </span>
     <span class='ocr_line' id='line_1_15' title="bbox 94 1736 962 1810; baseline 0.002 -16"><span class='ocrx_word' id='word_1_97' title='bbox 94 1745 154 1794; x_wconf 89' lang='lat' dir='ltr'><strong>turn</strong></span> <span class='ocrx_word' id='word_1_98' title='bbox 178 1739 362 1810; x_wconf 81' lang='lat' dir='ltr'><strong>peditumque</strong></span> <span class='ocrx_word' id='word_1_99' title='bbox 385 1739 528 1792; x_wconf 80' lang='lat' dir='ltr'><strong>adsultare</strong></span> <span class='ocrx_word' id='word_1_100' title='bbox 544 1736 631 1809; x_wconf 75' lang='lat' dir='ltr'><strong>tergis</strong></span> <span class='ocrx_word' id='word_1_101' title='bbox 659 1738 848 1810; x_wconf 89' lang='lat' dir='ltr'><strong>pugnantium</strong></span> <span class='ocrx_word' id='word_1_102' title='bbox 868 1737 962 1807; x_wconf 82' lang='lat' dir='ltr'><strong>iubet,</strong></span> 
     </span>
     <span class='ocr_line' id='line_1_16' title="bbox 92 1835 961 1910; baseline 0 -16"><span class='ocrx_word' id='word_1_103' title='bbox 92 1853 161 1894; x_wconf 82' lang='lat' dir='ltr'><strong>mox</strong></span> <span class='ocrx_word' id='word_1_104' title='bbox 176 1838 212 1893; x_wconf 86' lang='lat' dir='ltr'><strong>ab</strong></span> <span class='ocrx_word' id='word_1_105' title='bbox 223 1837 367 1894; x_wconf 79' lang='lat' dir='ltr'><strong>universis</strong></span> <span class='ocrx_word' id='word_1_106' title='bbox 380 1835 468 1892; x_wconf 82' lang='lat' dir='ltr'><strong>adiici</strong></span> <span class='ocrx_word' id='word_1_107' title='bbox 488 1837 653 1892; x_wconf 84' lang='lat' dir='ltr'><strong>clamorem.</strong></span> <span class='ocrx_word' id='word_1_108' title='bbox 675 1842 704 1890; x_wconf 89' lang='lat' dir='ltr'><strong>et</strong></span> <span class='ocrx_word' id='word_1_109' title='bbox 720 1837 877 1910; x_wconf 86' lang='lat' dir='ltr'><strong>propinqua</strong></span> <span class='ocrx_word' id='word_1_110' title='bbox 892 1838 961 1894; x_wconf 80' lang='lat' dir='ltr'><strong>luae</strong></span> 
     </span>
    </p>
   </div>
   <div class='ocr_carea' id='block_1_3' title="bbox 89 1935 963 2502">
    <p class='ocr_par' dir='ltr' id='par_1_3' title="bbox 89 1935 963 2502">
     <span class='ocr_line' id='line_1_17' title="bbox 92 1935 963 2010; baseline 0 -16"><span class='ocrx_word' id='word_1_111' title='bbox 92 1937 197 1994; x_wconf 85' lang='lat' dir='ltr'><strong>lutsere</strong></span> <span class='ocrx_word' id='word_1_112' title='bbox 222 1939 313 2010; x_wconf 84' lang='lat' dir='ltr'><strong>signa.</strong></span> <span class='ocrx_word' id='word_1_113' title='bbox 334 1935 376 1992; x_wconf 85' lang='lat' dir='ltr'><strong>ita</strong></span> <span class='ocrx_word' id='word_1_114' title='bbox 399 1936 521 2006; x_wconf 75' lang='lat' dir='ltr'><strong>ancipiti</strong></span> <span class='ocrx_word' id='word_1_115' title='bbox 546 1937 622 1991; x_wconf 88' lang='lat' dir='ltr'><strong>malo</strong></span> <span class='ocrx_word' id='word_1_116' title='bbox 647 1936 737 1991; x_wconf 86' lang='lat' dir='ltr'><strong>territi</strong></span> <span class='ocrx_word' id='word_1_117' title='bbox 754 1935 906 1992; x_wconf 86' lang='lat' dir='ltr'><strong>Britanni:</strong></span> <span class='ocrx_word' id='word_1_118' title='bbox 928 1941 963 1994; x_wconf 88' lang='lat' dir='ltr'><strong>et</strong></span> 
     </span>
     <span class='ocr_line' id='line_1_18' title="bbox 92 2033 961 2107; baseline -0.005 -12"><span class='ocrx_word' id='word_1_119' title='bbox 92 2035 233 2094; x_wconf 82' lang='lat' dir='ltr'><strong>Romanis</strong></span> <span class='ocrx_word' id='word_1_120' title='bbox 244 2035 318 2092; x_wconf 87' lang='lat' dir='ltr'><strong>redit</strong></span> <span class='ocrx_word' id='word_1_121' title='bbox 328 2033 450 2099; x_wconf 80' lang='lat' dir='ltr'><strong>animun,</strong></span> <span class='ocrx_word' id='word_1_122' title='bbox 465 2052 509 2100; x_wconf 82' lang='lat' dir='ltr'><strong>aa,</strong></span> <span class='ocrx_word' id='word_1_123' title='bbox 524 2034 618 2090; x_wconf 79' lang='lat' dir='ltr'><strong>securi</strong></span> <span class='ocrx_word' id='word_1_124' title='bbox 633 2034 669 2088; x_wconf 88' lang='lat' dir='ltr'><strong>de</strong></span> <span class='ocrx_word' id='word_1_125' title='bbox 683 2035 786 2099; x_wconf 86' lang='lat' dir='ltr'><strong>aalute,</strong></span> <span class='ocrx_word' id='word_1_126' title='bbox 801 2051 851 2106; x_wconf 91' lang='lat' dir='ltr'><strong>pro</strong></span> <span class='ocrx_word' id='word_1_127' title='bbox 864 2033 961 2107; x_wconf 86' lang='lat' dir='ltr'><strong>gloria</strong></span> 
     </span>
     <span class='ocr_line' id='line_1_19' title="bbox 91 2131 960 2204; baseline -0.001 -13"><span class='ocrx_word' id='word_1_128' title='bbox 91 2137 252 2192; x_wconf 78' lang='lat' dir='ltr'><strong>certabant.</strong></span> <span class='ocrx_word' id='word_1_129' title='bbox 272 2134 345 2187; x_wconf 83' lang='lat' dir='ltr'><strong>ultro</strong></span> <span class='ocrx_word' id='word_1_130' title='bbox 359 2132 427 2204; x_wconf 86' lang='lat' dir='ltr'><strong>quin</strong></span> <span class='ocrx_word' id='word_1_131' title='bbox 442 2131 530 2188; x_wconf 85' lang='lat' dir='ltr'><strong>etiam</strong></span> <span class='ocrx_word' id='word_1_132' title='bbox 544 2149 683 2203; x_wconf 86' lang='lat' dir='ltr'><strong>erupere:</strong></span> <span class='ocrx_word' id='word_1_133' title='bbox 703 2136 733 2188; x_wconf 89' lang='lat' dir='ltr'><strong>et</strong></span> <span class='ocrx_word' id='word_1_134' title='bbox 753 2131 807 2188; x_wconf 84' lang='lat' dir='ltr'><strong>tuit</strong></span> <span class='ocrx_word' id='word_1_135' title='bbox 821 2139 905 2190; x_wconf 85' lang='lat' dir='ltr'><strong>atrox</strong></span> <span class='ocrx_word' id='word_1_136' title='bbox 925 2133 960 2191; x_wconf 88' lang='lat' dir='ltr'><strong>in</strong></span> 
     </span>
     <span class='ocr_line' id='line_1_20' title="bbox 90 2230 951 2306; baseline 0 -17"><span class='ocrx_word' id='word_1_137' title='bbox 90 2233 161 2306; x_wconf 79' lang='lat' dir='ltr'><strong>ipris</strong></span> <span class='ocrx_word' id='word_1_138' title='bbox 171 2239 313 2304; x_wconf 88' lang='lat' dir='ltr'><strong>portarum</strong></span> <span class='ocrx_word' id='word_1_139' title='bbox 325 2231 463 2303; x_wconf 77' lang='lat' dir='ltr'><strong>augustiis</strong></span> <span class='ocrx_word' id='word_1_140' title='bbox 479 2230 627 2302; x_wconf 86' lang='lat' dir='ltr'><strong>proelium,</strong></span> <span class='ocrx_word' id='word_1_141' title='bbox 638 2232 732 2288; x_wconf 83' lang='lat' dir='ltr'><strong>donee</strong></span> <span class='ocrx_word' id='word_1_142' title='bbox 747 2231 821 2304; x_wconf 80' lang='lat' dir='ltr'><strong>pulsi</strong></span> <span class='ocrx_word' id='word_1_143' title='bbox 835 2233 951 2304; x_wconf 84' lang='lat' dir='ltr'><strong>boatee;</strong></span> 
     </span>
     <span class='ocr_line' id='line_1_21' title="bbox 90 2319 959 2403; baseline -0.001 -15"><span class='ocrx_word' id='word_1_144' title='bbox 90 2333 209 2403; x_wconf 86' lang='lat' dir='ltr'><strong>utroque</strong></span> <span class='ocrx_word' id='word_1_145' title='bbox 234 2319 372 2386; x_wconf 74' lang='lat' dir='ltr'><strong>exercitu</strong></span> <span class='ocrx_word' id='word_1_146' title='bbox 399 2335 540 2395; x_wconf 83' lang='lat' dir='ltr'><strong>certante,</strong></span> <span class='ocrx_word' id='word_1_147' title='bbox 573 2330 628 2396; x_wconf 83' lang='lat' dir='ltr'><strong>hie,</strong></span> <span class='ocrx_word' id='word_1_148' title='bbox 661 2336 692 2386; x_wconf 91' lang='lat' dir='ltr'><strong>ut</strong></span> <span class='ocrx_word' id='word_1_149' title='bbox 727 2331 827 2387; x_wconf 77' lang='lat' dir='ltr'><strong>tulisse</strong></span> <span class='ocrx_word' id='word_1_150' title='bbox 860 2347 959 2403; x_wconf 90' lang='lat' dir='ltr'><strong>opem,</strong></span> 
     </span>
     <span class='ocr_line' id='line_1_22' title="bbox 89 2429 958 2502; baseline 0.001 -16"><span class='ocrx_word' id='word_1_151' title='bbox 89 2429 157 2494; x_wconf 82' lang='lat' dir='ltr'><strong>illis,</strong></span> <span class='ocrx_word' id='word_1_152' title='bbox 173 2447 210 2485; x_wconf 88' lang='lat' dir='ltr'><strong>ne</strong></span> <span class='ocrx_word' id='word_1_153' title='bbox 224 2429 337 2502; x_wconf 79' lang='lat' dir='ltr'><strong>eguisse</strong></span> <span class='ocrx_word' id='word_1_154' title='bbox 353 2429 463 2484; x_wconf 87' lang='lat' dir='ltr'><strong>auxilio</strong></span> <span class='ocrx_word' id='word_1_155' title='bbox 478 2429 653 2484; x_wconf 88' lang='lat' dir='ltr'><strong>viderentur.</strong></span> <span class='ocrx_word' id='word_1_156' title='bbox 674 2429 749 2502; x_wconf 87' lang='lat' dir='ltr'><strong>quod</strong></span> <span class='ocrx_word' id='word_1_157' title='bbox 765 2429 821 2486; x_wconf 80' lang='lat' dir='ltr'><strong>nisi</strong></span> <span class='ocrx_word' id='word_1_158' title='bbox 836 2431 958 2502; x_wconf 75' lang='lat' dir='ltr'><strong>paludes</strong></span> 
     </span>
    </p>
   </div>
   <div class='ocr_carea' id='block_1_4' title="bbox 88 2579 960 2698">
    <p class='ocr_par' dir='ltr' id='par_1_4' title="bbox 88 2579 960 2698">
     <span class='ocr_line' id='line_1_23' title="bbox 118 2579 960 2644; baseline 0.004 -15"><span class='ocrx_word' id='word_1_159' title='bbox 118 2583 213 2630; x_wconf 81' lang='lat' dir='ltr'><strong>Coalellu</strong></span> <span class='ocrx_word' id='word_1_160' title='bbox 223 2581 304 2642; x_wconf 74' lang='lat' dir='ltr'><strong>adorta]</strong></span> <span class='ocrx_word' id='word_1_161' title='bbox 337 2582 371 2628; x_wconf 76' lang='lat' dir='ltr'><strong>Ea</strong></span> <span class='ocrx_word' id='word_1_162' title='bbox 390 2581 424 2627; x_wconf 88' lang='lat' dir='ltr'><strong>hlc</strong></span> <span class='ocrx_word' id='word_1_163' title='bbox 434 2579 531 2627; x_wconf 70' lang='lat' dir='ltr'><strong>castellis</strong></span> <span class='ocrx_word' id='word_1_164' title='bbox 541 2582 648 2628; x_wconf 85' lang='lat' dir='ltr'><strong>nonnulla</strong></span> <span class='ocrx_word' id='word_1_165' title='bbox 655 2582 728 2628; x_wconf 79' lang='lat' dir='ltr'><strong>adhue</strong></span> <span class='ocrx_word' id='word_1_166' title='bbox 737 2587 824 2629; x_wconf 72' lang='lat' dir='ltr'><strong>enatant</strong></span> <span class='ocrx_word' id='word_1_167' title='bbox 834 2583 856 2628; x_wconf 90' lang='lat' dir='ltr'><strong>io</strong></span> <span class='ocrx_word' id='word_1_168' title='bbox 866 2585 960 2644; x_wconf 86' lang='lat' dir='ltr'><strong>provin·</strong></span> 
     </span>
     <span class='ocr_line' id='line_1_24' title="bbox 88 2639 458 2698; baseline -0.008 -10"><span class='ocrx_word' id='word_1_169' title='bbox 88 2641 127 2688; x_wconf 86' lang='lat' dir='ltr'><strong>oiir</strong></span> <span class='ocrx_word' id='word_1_170' title='bbox 142 2641 202 2698; x_wconf 79' lang='lat' dir='ltr'><strong>Fise,</strong></span> <span class='ocrx_word' id='word_1_171' title='bbox 214 2641 291 2697; x_wconf 75' lang='lat' dir='ltr'><strong>Perti,</strong></span> <span class='ocrx_word' id='word_1_172' title='bbox 303 2650 327 2685; x_wconf 89' lang='lat' dir='ltr'><strong>et</strong></span> <span class='ocrx_word' id='word_1_173' title='bbox 335 2639 458 2687; x_wconf 72' lang='lat' dir='ltr'><strong>Strutbern.</strong></span> 
     </span>
    </p>
   </div>
   <div class='ocr_carea' id='block_1_5' title="bbox 86 2713 1035 2896">
    <p class='ocr_par' dir='ltr' id='par_1_5' title="bbox 86 2713 1035 2896">
     <span class='ocr_line' id='line_1_25' title="bbox 118 2713 1035 2781; baseline 0.002 -14"><span class='ocrx_word' id='word_1_174' title='bbox 118 2721 241 2781; x_wconf 76' lang='lat' dir='ltr'><strong>Cognoscit]</strong></span> <span class='ocrx_word' id='word_1_175' title='bbox 286 2720 395 2778; x_wconf 67' lang='lat' dir='ltr'><strong>Agricola,</strong></span> <span class='ocrx_word' id='word_1_176' title='bbox 413 2718 528 2765; x_wconf 85' lang='lat' dir='ltr'><strong>cumbaec</strong></span> <span class='ocrx_word' id='word_1_177' title='bbox 544 2720 649 2778; x_wconf 74' lang='lat' dir='ltr'><strong>cognovit</strong></span> <span class='ocrx_word' id='word_1_178' title='bbox 658 2719 753 2775; x_wconf 81' lang='lat' dir='ltr'><strong>videtur,</strong></span> <span class='ocrx_word' id='word_1_179' title='bbox 774 2719 871 2767; x_wconf 82' lang='lat' dir='ltr'><strong>luiaeein</strong></span> <span class='ocrx_word' id='word_1_180' title='bbox 884 2720 959 2770; x_wconf 74' lang='lat' dir='ltr'><strong>atati·</strong></span> <span class='ocrx_word' id='word_1_181' title='bbox 1034 2713 1035 2736; x_wconf 73' lang='lat'>³</span> 
     </span>
     <span class='ocr_line' id='line_1_26' title="bbox 88 2778 959 2836; baseline 0.002 -10"><span class='ocrx_word' id='word_1_182' title='bbox 88 2779 175 2832; x_wconf 70' lang='lat' dir='ltr'><strong>caetris,</strong></span> <span class='ocrx_word' id='word_1_183' title='bbox 184 2795 240 2824; x_wconf 80' lang='lat' dir='ltr'><strong>orror</strong></span> <span class='ocrx_word' id='word_1_184' title='bbox 250 2779 407 2836; x_wconf 45' lang='lat' dir='ltr'><strong>baenburg&amp;</strong></span> <span class='ocrx_word' id='word_1_185' title='bbox 430 2783 455 2824; x_wconf 91' lang='lat' dir='ltr'><strong>ut</strong></span> <span class='ocrx_word' id='word_1_186' title='bbox 470 2778 517 2835; x_wconf 89' lang='lat' dir='ltr'><strong>jam</strong></span> <span class='ocrx_word' id='word_1_187' title='bbox 532 2779 616 2824; x_wconf 88' lang='lat' dir='ltr'><strong>monuit</strong></span> <span class='ocrx_word' id='word_1_188' title='bbox 628 2778 726 2824; x_wconf 86' lang='lat' dir='ltr'><strong>eruditur</strong></span> <span class='ocrx_word' id='word_1_189' title='bbox 742 2779 842 2835; x_wconf 82' lang='lat' dir='ltr'><strong>Gordou,</strong></span> <span class='ocrx_word' id='word_1_190' title='bbox 853 2779 959 2828; x_wconf 72' lang='lat' dir='ltr'><strong>illinere-</strong></span> 
     </span>
     <span class='ocr_line' id='line_1_27' title="bbox 86 2838 445 2896; baseline -0.011 -10"><span class='ocrx_word' id='word_1_191' title='bbox 86 2839 150 2886; x_wconf 81' lang='lat' dir='ltr'><strong>rt&#39;ttm</strong></span> <span class='ocrx_word' id='word_1_192' title='bbox 158 2838 336 2894; x_wconf 77' lang='lat' dir='ltr'><strong>Septentrionule,</strong></span> <span class='ocrx_word' id='word_1_193' title='bbox 347 2852 397 2896; x_wconf 80' lang='lat' dir='ltr'><strong>pag.</strong></span> <span class='ocrx_word' id='word_1_194' title='bbox 409 2841 445 2884; x_wconf 82' lang='lat'><strong>³6.</strong></span> 
     </span>
    </p>
   </div>
   <div class='ocr_carea' id='block_1_6' title="bbox 87 2914 1034 3386">
    <p class='ocr_par' dir='ltr' id='par_1_6' title="bbox 87 2914 1034 3386">
     <span class='ocr_line' id='line_1_28' title="bbox 118 2914 1034 2976; baseline 0.001 -13"><span class='ocrx_word' id='word_1_195' title='bbox 118 2916 333 2976; x_wconf 76' lang='lat' dir='ltr'><strong>Nonnmlegionem]</strong></span> <span class='ocrx_word' id='word_1_196' title='bbox 366 2915 402 2962; x_wconf 88' lang='lat' dir='ltr'><strong>De</strong></span> <span class='ocrx_word' id='word_1_197' title='bbox 415 2929 457 2976; x_wconf 86' lang='lat' dir='ltr'><strong>qua</strong></span> <span class='ocrx_word' id='word_1_198' title='bbox 473 2916 519 2972; x_wconf 85' lang='lat' dir='ltr'><strong>jam</strong></span> <span class='ocrx_word' id='word_1_199' title='bbox 535 2914 618 2961; x_wconf 84' lang='lat' dir='ltr'><strong>dietum</strong></span> <span class='ocrx_word' id='word_1_200' title='bbox 635 2915 733 2976; x_wconf 82' lang='lat' dir='ltr'><strong>uuprain</strong></span> <span class='ocrx_word' id='word_1_201' title='bbox 753 2916 819 2962; x_wconf 80' lang='lat' dir='ltr'><strong>Notio</strong></span> <span class='ocrx_word' id='word_1_202' title='bbox 832 2923 856 2962; x_wconf 88' lang='lat' dir='ltr'><strong>et</strong></span> <span class='ocrx_word' id='word_1_203' title='bbox 875 2917 966 2970; x_wconf 60' lang='lat' dir='ltr'><strong>Emeum„</strong></span> <span class='ocrx_word' id='word_1_204' title='bbox 1033 2925 1034 2942; x_wconf 67' lang='lat'>¹</span> 
     </span>
     <span class='ocr_line' id='line_1_29' title="bbox 87 2974 958 3032; baseline 0.001 -10"><span class='ocrx_word' id='word_1_205' title='bbox 87 2975 214 3022; x_wconf 82' lang='lat' dir='ltr'><strong>dationibus</strong></span> <span class='ocrx_word' id='word_1_206' title='bbox 229 2977 256 3020; x_wconf 83' lang='lat' dir='ltr'><strong>ad</strong></span> <span class='ocrx_word' id='word_1_207' title='bbox 281 2974 339 3020; x_wconf 86' lang='lat' dir='ltr'><strong>Hiut.</strong></span> <span class='ocrx_word' id='word_1_208' title='bbox 367 2975 395 3020; x_wconf 85' lang='lat' dir='ltr'><strong>lt.</strong></span> <span class='ocrx_word' id='word_1_209' title='bbox 421 2979 441 3020; x_wconf 86' lang='grc' dir='ltr'><strong>θ.</strong></span> <span class='ocrx_word' id='word_1_210' title='bbox 474 2974 544 3032; x_wconf 83' lang='lat' dir='ltr'><strong>Legio</strong></span> <span class='ocrx_word' id='word_1_211' title='bbox 563 2989 619 3020; x_wconf 87' lang='lat' dir='ltr'><strong>nona</strong></span> <span class='ocrx_word' id='word_1_212' title='bbox 636 2974 657 3020; x_wconf 92' lang='lat' dir='ltr'><strong>in</strong></span> <span class='ocrx_word' id='word_1_213' title='bbox 685 2975 807 3032; x_wconf 80' lang='lat' dir='ltr'><strong>Britannia.</strong></span> <span class='ocrx_word' id='word_1_214' title='bbox 858 2977 915 3023; x_wconf 89' lang='lat' dir='ltr'><strong>Not.</strong></span> <span class='ocrx_word' id='word_1_215' title='bbox 933 2983 958 3023; x_wconf 86' lang='lat' dir='ltr'><strong>el</strong></span> 
     </span>
     <span class='ocr_line' id='line_1_30' title="bbox 87 3032 959 3092; baseline 0.002 -13"><span class='ocrx_word' id='word_1_216' title='bbox 87 3035 181 3082; x_wconf 78' lang='lat' dir='ltr'><strong>Einend.</strong></span> <span class='ocrx_word' id='word_1_217' title='bbox 194 3034 221 3077; x_wconf 85' lang='lat' dir='ltr'><strong>ad</strong></span> <span class='ocrx_word' id='word_1_218' title='bbox 234 3033 292 3079; x_wconf 72' lang='lat' dir='ltr'><strong>ilat.</strong></span> <span class='ocrx_word' id='word_1_219' title='bbox 312 3032 339 3078; x_wconf 88' lang='lat' dir='ltr'><strong>ll.</strong></span> <span class='ocrx_word' id='word_1_220' title='bbox 357 3035 378 3078; x_wconf 83' lang='lat' dir='ltr'><strong>ll.</strong></span> <span class='ocrx_word' id='word_1_221' title='bbox 411 3033 524 3087; x_wconf 80' lang='lat' dir='ltr'><strong>Quintam,</strong></span> <span class='ocrx_word' id='word_1_222' title='bbox 540 3037 562 3077; x_wconf 90' lang='lat' dir='ltr'><strong>et</strong></span> <span class='ocrx_word' id='word_1_223' title='bbox 578 3033 792 3092; x_wconf 84' lang='lat' dir='ltr'><strong>quintamdecimam.</strong></span> <span class='ocrx_word' id='word_1_224' title='bbox 808 3049 858 3080; x_wconf 86' lang='lat' dir='ltr'><strong>cum</strong></span> <span class='ocrx_word' id='word_1_225' title='bbox 869 3037 959 3083; x_wconf 74' lang='lat' dir='ltr'><strong>vexillis</strong></span> 
     </span>
     <span class='ocr_line' id='line_1_31' title="bbox 87 3092 1033 3152; baseline 0 -12"><span class='ocrx_word' id='word_1_226' title='bbox 87 3107 167 3144; x_wconf 78' lang='lat' dir='ltr'><strong>nouae,</strong></span> <span class='ocrx_word' id='word_1_227' title='bbox 186 3093 337 3152; x_wconf 79' lang='lat' dir='ltr'><strong>secundaeque</strong></span> <span class='ocrx_word' id='word_1_228' title='bbox 356 3097 378 3137; x_wconf 88' lang='lat' dir='ltr'><strong>et</strong></span> <span class='ocrx_word' id='word_1_229' title='bbox 389 3092 515 3144; x_wconf 73' lang='lat' dir='ltr'><strong>vicesimae,</strong></span> <span class='ocrx_word' id='word_1_230' title='bbox 534 3092 708 3138; x_wconf 80' lang='lat' dir='ltr'><strong>Britannicarum</strong></span> <span class='ocrx_word' id='word_1_231' title='bbox 724 3094 841 3150; x_wconf 84' lang='lat' dir='ltr'><strong>legionum,</strong></span> <span class='ocrx_word' id='word_1_232' title='bbox 858 3095 957 3140; x_wconf 87' lang='lat' dir='ltr'><strong>mediam</strong></span> <span class='ocrx_word' id='word_1_233' title='bbox 1032 3095 1033 3098; x_wconf 70' lang='grc'>’</span> 
     </span>
     <span class='ocr_line' id='line_1_32' title="bbox 87 3150 957 3208; baseline 0.005 -13"><span class='ocrx_word' id='word_1_234' title='bbox 87 3151 164 3196; x_wconf 83' lang='lat' dir='ltr'><strong>aciem.</strong></span> <span class='ocrx_word' id='word_1_235' title='bbox 198 3151 257 3196; x_wconf 84' lang='lat' dir='ltr'><strong>Hist.</strong></span> <span class='ocrx_word' id='word_1_236' title='bbox 280 3151 368 3197; x_wconf 73' lang='lat' dir='ltr'><strong>illua.</strong></span> <span class='ocrx_word' id='word_1_237' title='bbox 403 3151 435 3196; x_wconf 75' lang='lat' dir='ltr'><strong>ua</strong></span> <span class='ocrx_word' id='word_1_238' title='bbox 452 3150 511 3208; x_wconf 83' lang='lat' dir='ltr'><strong>legio</strong></span> <span class='ocrx_word' id='word_1_239' title='bbox 528 3156 581 3195; x_wconf 83' lang='lat' dir='ltr'><strong>tune</strong></span> <span class='ocrx_word' id='word_1_240' title='bbox 601 3151 770 3196; x_wconf 77' lang='lat' dir='ltr'><strong>videturlnisee.</strong></span> <span class='ocrx_word' id='word_1_241' title='bbox 798 3153 820 3196; x_wconf 90' lang='lat' dir='ltr'><strong>in</strong></span> <span class='ocrx_word' id='word_1_242' title='bbox 857 3153 957 3199; x_wconf 77' lang='lat' dir='ltr'><strong>rovincia</strong></span> 
     </span>
     <span class='ocr_line' id='line_1_33' title="bbox 87 3167 957 3269; baseline 0.003 -14"><span class='ocrx_word' id='word_1_243' title='bbox 87 3209 140 3266; x_wconf 71' lang='lat' dir='ltr'><strong>Ft&#39;se</strong></span> <span class='ocrx_word' id='word_1_244' title='bbox 165 3213 289 3269; x_wconf 66' lang='lat' dir='ltr'><strong>cultroque,</strong></span> <span class='ocrx_word' id='word_1_245' title='bbox 305 3210 362 3269; x_wconf 92' lang='lat' dir='ltr'><strong>quod</strong></span> <span class='ocrx_word' id='word_1_246' title='bbox 383 3209 455 3254; x_wconf 83' lang='lat' dir='ltr'><strong>adhue</strong></span> <span class='ocrx_word' id='word_1_247' title='bbox 473 3217 552 3260; x_wconf 77' lang='lat' dir='ltr'><strong>exalat.</strong></span> <span class='ocrx_word' id='word_1_248' title='bbox 568 3214 590 3252; x_wconf 89' lang='lat' dir='ltr'><strong>et</strong></span> <span class='ocrx_word' id='word_1_249' title='bbox 601 3209 681 3254; x_wconf 84' lang='lat' dir='ltr'><strong>dieitur</strong></span> <span class='ocrx_word' id='word_1_250' title='bbox 702 3209 802 3254; x_wconf 72' lang='lat' dir='ltr'><strong>melan.</strong></span> <span class='ocrx_word' id='word_1_251' title='bbox 835 3167 957 3258; x_wconf 45' lang='lat' dir='ltr'><strong>Gideeru-</strong></span> 
     </span>
     <span class='ocr_line' id='line_1_34' title="bbox 87 3267 957 3330; baseline 0 -18"><span class='ocrx_word' id='word_1_252' title='bbox 87 3267 158 3313; x_wconf 87' lang='lat' dir='ltr'><strong>ditum</strong></span> <span class='ocrx_word' id='word_1_253' title='bbox 168 3269 267 3318; x_wconf 83' lang='lat' dir='ltr'><strong>Gordon,</strong></span> <span class='ocrx_word' id='word_1_254' title='bbox 280 3269 321 3313; x_wconf 85' lang='lat' dir='ltr'><strong>loc.</strong></span> <span class='ocrx_word' id='word_1_255' title='bbox 334 3268 372 3314; x_wconf 84' lang='lat' dir='ltr'><strong>cit.</strong></span> <span class='ocrx_word' id='word_1_256' title='bbox 404 3267 507 3314; x_wconf 82' lang='lat' dir='ltr'><strong>Invalida</strong></span> <span class='ocrx_word' id='word_1_257' title='bbox 527 3281 579 3312; x_wconf 78' lang='lat' dir='ltr'><strong>sane</strong></span> <span class='ocrx_word' id='word_1_258' title='bbox 598 3267 639 3311; x_wconf 88' lang='lat' dir='ltr'><strong>luit</strong></span> <span class='ocrx_word' id='word_1_259' title='bbox 648 3267 714 3328; x_wconf 76' lang='lat' dir='ltr'><strong>legio,</strong></span> <span class='ocrx_word' id='word_1_260' title='bbox 732 3271 790 3329; x_wconf 93' lang='lat' dir='ltr'><strong>quod</strong></span> <span class='ocrx_word' id='word_1_261' title='bbox 801 3270 877 3314; x_wconf 78' lang='lat' dir='ltr'><strong>miultis</strong></span> <span class='ocrx_word' id='word_1_262' title='bbox 890 3284 957 3330; x_wconf 74' lang='lat' dir='ltr'><strong>proe-</strong></span> 
     </span>
     <span class='ocr_line' id='line_1_35' title="bbox 87 3325 867 3386; baseline 0.004 -16"><span class='ocrx_word' id='word_1_263' title='bbox 87 3325 123 3370; x_wconf 85' lang='lat' dir='ltr'><strong>tiis</strong></span> <span class='ocrx_word' id='word_1_264' title='bbox 133 3327 205 3371; x_wconf 84' lang='lat' dir='ltr'><strong>luerat</strong></span> <span class='ocrx_word' id='word_1_265' title='bbox 224 3325 344 3372; x_wconf 86' lang='lat' dir='ltr'><strong>imminuta.</strong></span> <span class='ocrx_word' id='word_1_266' title='bbox 385 3327 439 3373; x_wconf 83' lang='lat' dir='ltr'><strong>ldeo</strong></span> <span class='ocrx_word' id='word_1_267' title='bbox 450 3333 526 3386; x_wconf 74' lang='lat' dir='ltr'><strong>postea</strong></span> <span class='ocrx_word' id='word_1_268' title='bbox 537 3325 637 3384; x_wconf 76' lang='lat' dir='ltr'><strong>suppleta</strong></span> <span class='ocrx_word' id='word_1_269' title='bbox 650 3326 753 3386; x_wconf 82' lang='lat' dir='ltr'><strong>dietaque</strong></span> <span class='ocrx_word' id='word_1_270' title='bbox 764 3327 867 3373; x_wconf 78' lang='lat' dir='ltr'><strong>demina.</strong></span> 
     </span>
    </p>
   </div>
   <div class='ocr_carea' id='block_1_7' title="bbox 87 3403 957 3523">
    <p class='ocr_par' dir='ltr' id='par_1_7' title="bbox 87 3403 957 3523">
     <span class='ocr_line' id='line_1_36' title="bbox 117 3403 957 3510; baseline 0.008 -62"><span class='ocrx_word' id='word_1_271' title='bbox 117 3403 241 3450; x_wconf 77' lang='lat' dir='ltr'><strong>Portarum</strong></span> <span class='ocrx_word' id='word_1_272' title='bbox 259 3406 378 3510; x_wconf 42' lang='lat' dir='ltr'><strong>augustii?</strong></span> <span class='ocrx_word' id='word_1_273' title='bbox 410 3406 526 3451; x_wconf 82' lang='lat' dir='ltr'><strong>Portarum</strong></span> <span class='ocrx_word' id='word_1_274' title='bbox 544 3406 664 3448; x_wconf 83' lang='lat' dir='ltr'><strong>castrorum</strong></span> <span class='ocrx_word' id='word_1_275' title='bbox 707 3406 729 3450; x_wconf 89' lang='lat' dir='ltr'><strong>ln</strong></span> <span class='ocrx_word' id='word_1_276' title='bbox 749 3405 827 3450; x_wconf 79' lang='lat' dir='ltr'><strong>cartula</strong></span> <span class='ocrx_word' id='word_1_277' title='bbox 845 3407 957 3456; x_wconf 77' lang='lat' dir='ltr'><strong>Romania</strong></span> 
     </span>
     <span class='ocr_line' id='line_1_37' title="bbox 87 3461 821 3523; baseline 0.004 -17"><span class='ocrx_word' id='word_1_278' title='bbox 87 3467 183 3522; x_wconf 78' lang='lat' dir='ltr'><strong>quatuor</strong></span> <span class='ocrx_word' id='word_1_279' title='bbox 192 3471 255 3508; x_wconf 86' lang='lat' dir='ltr'><strong>eraut</strong></span> <span class='ocrx_word' id='word_1_280' title='bbox 266 3471 351 3523; x_wconf 85' lang='lat' dir='ltr'><strong>portae,</strong></span> <span class='ocrx_word' id='word_1_281' title='bbox 378 3477 490 3516; x_wconf 71' lang='lat' dir='ltr'><strong>caumana,</strong></span> <span class='ocrx_word' id='word_1_282' title='bbox 501 3461 621 3522; x_wconf 86' lang='lat' dir='ltr'><strong>praetoria,</strong></span> <span class='ocrx_word' id='word_1_283' title='bbox 632 3463 717 3518; x_wconf 81' lang='lat' dir='ltr'><strong>dextra,</strong></span> <span class='ocrx_word' id='word_1_284' title='bbox 727 3464 821 3510; x_wconf 66' lang='lat' dir='ltr'><strong>sinistra.</strong></span> 
     </span>
    </p>
   </div>
   <div class='ocr_carea' id='block_1_8' title="bbox 117 3539 958 3604">
    <p class='ocr_par' dir='ltr' id='par_1_8' title="bbox 117 3539 958 3604">
     <span class='ocr_line' id='line_1_38' title="bbox 117 3539 958 3604; baseline 0.007 -18"><span class='ocrx_word' id='word_1_285' title='bbox 117 3539 217 3588; x_wconf 76' lang='lat' dir='ltr'><strong>Potudra</strong></span> <span class='ocrx_word' id='word_1_286' title='bbox 236 3546 256 3588; x_wconf 81' lang='lat' dir='ltr'><strong>et</strong></span> <span class='ocrx_word' id='word_1_287' title='bbox 272 3542 349 3604; x_wconf 81' lang='lat' dir='ltr'><strong>ritune]</strong></span> <span class='ocrx_word' id='word_1_288' title='bbox 391 3541 483 3589; x_wconf 82' lang='lat' dir='ltr'><strong>Duobur</strong></span> <span class='ocrx_word' id='word_1_289' title='bbox 499 3541 589 3588; x_wconf 85' lang='lat' dir='ltr'><strong>circiter</strong></span> <span class='ocrx_word' id='word_1_290' title='bbox 608 3539 707 3588; x_wconf 73' lang='lat' dir='ltr'><strong>millibus</strong></span> <span class='ocrx_word' id='word_1_291' title='bbox 725 3556 827 3603; x_wconf 79' lang='lat' dir='ltr'><strong>patruum</strong></span> <span class='ocrx_word' id='word_1_292' title='bbox 846 3557 861 3588; x_wconf 88' lang='lat' dir='ltr'><strong>a</strong></span> <span class='ocrx_word' id='word_1_293' title='bbox 880 3550 958 3594; x_wconf 82' lang='lat' dir='ltr'><strong>eartro</strong></span> 
     </span>
    </p>
   </div>
   <div class='ocr_carea' id='block_1_9' title="bbox 0 0 1052 3840">
    <p class='ocr_par' dir='ltr' id='par_1_9' title="bbox 0 0 1052 3840">
     <span class='ocr_line' id='line_1_39' title="bbox 0 0 1052 3840; baseline 0 3"><span class='ocrx_word' id='word_1_294' title='bbox 0 0 1052 3840; x_wconf 95' lang='lat' dir='ltr'><strong> </strong></span> 
     </span>
    </p>
   </div>
  </div>
 </body>
</html>
