2096 3840
391 237 470 286 oar.
499 213 557 286 16.
586 213 644 284 17.
894 211 940 286 lt

70 394 229 456 Britannia
249 394 342 452 leret:
363 410 450 468 quam
475 393 559 450 unius
583 389 688 466 proelii
714 391 826 450 tertona
850 393 946 452 veleri

71 496 236 572 patientiae
258 495 393 560 restitull,
411 493 580 570 tenentibus
600 509 679 550 arma
700 493 854 568 plerisque,
874 509 946 568 quus

72 595 260 654 eoosoientia
278 591 456 650 delectionis
475 597 506 649 et
527 591 642 665 propius
661 609 699 648 ex
725 593 838 666 Legato
861 593 947 652 timor

71 694 211 768 agitabat.
257 693 317 752 llio
344 709 412 750 cum
442 691 575 765 egregins
595 701 703 758 cetera,
724 692 897 764 adroganter
914 693 947 752 iu

72 794 197 860 deditos,
218 798 262 860 et,
282 797 314 850 ut
344 809 414 850 suae
442 807 554 864 quoque
584 790 708 848 iniuriae
737 792 820 857 ultor,
848 791 946 848 durius

73 895 248 962 consuleret,
269 890 375 948 missus
401 889 554 947 Petronius
580 889 779 962 Turpilianus,
801 895 947 964 tamquam

75 991 275 1050 exorabilior:
298 995 329 1046 el
348 989 464 1046 delictis
479 988 603 1046 boatium
626 1006 727 1048 novus.
742 1007 834 1064 eoque
850 990 948 1063 proeoi·

76 1092 183 1148 tentiae
198 1089 308 1155 mitior,
322 1088 490 1160 compositis
512 1087 663 1158 prioribus,
680 1088 750 1144 nibil
764 1093 836 1146 ultra
852 1105 946 1160 atreus,

75 1188 229 1248 Trebellio
254 1187 386 1244 Maximo
407 1187 588 1259 provinciam
610 1187 735 1245 lrarlitlit.
779 1188 946 1247 Trebellius

75 1289 198 1362 segnior,
220 1293 253 1344 et
276 1286 362 1344 nullis
383 1293 548 1342 castrorum·
562 1286 780 1357 experimentis,
807 1287 946 1344 comitate

76 1388 197 1460 quadem
223 1385 346 1442 curandi
367 1385 549 1456 provinciam
574 1386 677 1440 tenuit.
720 1386 859 1443 Didioere
888 1388 947 1444 iem
1026 1388 1027 1410 ¹

78 1485 190 1544 barbari
221 1503 336 1558 quoque
365 1484 527 1558 ignoscere,
555 1483 636 1540 vitiis
660 1485 881 1542 blandientibus.
916 1491 948 1544 et
1028 1512 1029 1516 ¹

79 1584 265 1642 interventus
279 1582 411 1640 civilium
426 1599 567 1640 armorum
582 1583 712 1654 praebuit
734 1583 838 1642 iustam
853 1583 948 1658 segni·

78 1683 134 1740 liae
162 1681 396 1741 exorrsationem.
416 1683 468 1738 sed
495 1681 640 1738 ‹liseonliu
669 1684 850 1740 laboratum:
880 1701 948 1741 eum

80 1783 216 1840 adsuetus
231 1781 469 1852 expeditionibus
483 1781 566 1838 miles
590 1781 652 1838 otio
673 1781 832 1839 lasciviret.
874 1783 948 1839 'l're-

79 1881 192 1948 bertius,
203 1879 272 1954 luga
281 1897 316 1937 ao
327 1879 446 1936 latebris
462 1878 554 1936 vileta
567 1879 715 1962 exereitus
731 1881 781 1946 ira,
796 1881 949 1940 indecorus

80 1985 163 2054 alque
202 1978 332 2048 humilis,
359 1977 490 2050 precario
523 1995 591 2036 mox
626 1978 767 2050 praeluit:
801 1995 837 2037 ae
868 1983 950 2039 velut

80 2078 166 2151 paoli,
181 2078 331 2134 exereitus
348 2076 508 2144 licentiam,
530 2077 598 2134 Dux
620 2079 752 2144 salutern,
775 2079 847 2136 baeo
874 2080 949 2138 sedi·

80 2179 119 2233 tio
138 2178 204 2234 eine
225 2175 368 2250 sanguine
382 2176 472 2233 stetit.
515 2177 581 2232 Nee
596 2176 715 2234 Vettius
738 2179 877 2244 Bolanus,
892 2197 956 2239 ma·

78 2276 215 2334 uentibus
242 2275 338 2332 adhue
357 2273 495 2332 civilibus
510 2276 603 2334 bellis.
617 2276 741 2350 agitavit
767 2278 949 2338 Britanniam

78 2373 247 2448 disciplina.
268 2375 371 2430 eedem
399 2373 504 2444 inertia
527 2391 596 2447 erga
621 2376 728 2440 hostes,
741 2377 844 2435 similis
870 2387 951 2454 petu-

81 2476 174 2532 lantia
201 2481 378 2531 castrorum:
404 2471 462 2530 nisi
488 2476 563 2547 quod
591 2474 733 2533 innocens
762 2478 900 2547 Bolanus,
919 2485 951 2539 et

79 2577 166 2631 nullis
181 2572 299 2630 delictis
312 2571 437 2639 invisus,
459 2572 613 2630 caritatem
637 2581 789 2646 paraverat
805 2579 870 2636 loco
884 2597 950 2638 aue·

81 2673 216 2730 loritello.

119 2772 190 2838 Sed,
204 2769 252 2828 ubi
267 2788 335 2828 eum
349 2776 448 2830 cetero
459 2773 529 2830 orbe
544 2773 745 2847 Vespasianus
759 2781 789 2832 et
804 2775 949 2837 Britanni·
964 2783 1002 2846 Π

83 2887 129 2927 am
165 2869 352 2942 reciperavit,
385 2870 483 2945 magni
519 2871 628 2940 Duces,
654 2874 764 2948 egregii
794 2877 950 2949 exereitus,

83 2969 194 3026 minuta
222 2968 348 3026 boetium
375 2987 450 3042 apes.
493 2970 532 3026 Et
559 2978 696 3029 terrorem
725 2974 823 3032 statim
851 2979 952 3037 intulit

32 3031 33 3101 ¹
82 3068 204 3126 Petilius
220 3068 355 3133 Cerialia,
372 3069 541 3142 Brigantum
555 3069 708 3129 civitatem
712 3091 804 3149 ,quae
821 3095 952 3138 numero·

34 3207 35 3218 ,
85 3167 196 3225 sissima
211 3166 381 3241 provinciae
396 3167 483 3225 lolius
497 3169 671 3242 perhibetur,
686 3173 846 3247 adgressus.
861 3181 952 3236 mulla

87 3340 213 3447 lll¹¹¹e¹i¹¹i¹¹i¹¹
223 3341 331 3403 Cerialis]
364 3341 506 3390 Memoratus
524 3357 592 3406 raepe
610 3359 676 3405 supra
697 3347 952 3400 Annal.xlv.l1trt.

115 3477 252 3535 Brigrnlurn
270 3479 400 3584 civimlrmL
422 3479 490 3526 Nune
507 3479 556 3526 Tlre
574 3480 670 3524 tounls’er
689 3483 771 3536 rp‘o
741 3482 771 3523 Yo
772 3482 807 3531 rlr
827 3481 956 3537 Ιαηωιιτ,

88 3535 267 3596 Weburebad,
277 3539 377 3586 camber
401 3539 441 3596 nrt,
451 3535 829 3590 «numerumnunerum
