2058 3800
390 291 659 352 mtusrimuvu.
873 278 921 350 29

111 447 206 510 initis
220 456 260 508 sui
281 456 356 508 neeis
376 456 523 523 particeps.
558 454 689 508 Custodia
707 455 828 508 oiansurn
852 469 920 508 auno

112 540 150 594 U.
168 543 201 596 C.
221 555 396 602 nocemur,
411 541 536 594 Tiberius
549 543 625 594 ilium
638 541 709 594 fame
722 543 831 594 enecuit
851 557 919 596 anno

113 629 150 682 U.
162 629 196 681 C.
209 642 380 682 mouxxxn.
399 627 490 682 Tacit.
510 629 608 682 Aunai.
623 629 767 690 1v‚nii.r1‚
782 629 817 682 2³
829 633 858 681 et
876 631 919 682 2⁴.

112 713 165 766 Dio
179 731 262 766 uviri.
277 731 305 782 p.
319 715 380 766 623.

147 799 179 852 iu
212 803 329 853 nummis
352 813 414 852 oum
438 799 522 852 fratre
546 815 593 852 suo
619 798 727 852 Nerone
752 801 917 868 conjunctus,

116 973 182 1024 oiri.

149 1145 193 1195 ut.
214 1143 343 1195 Aantmru
363 1141 478 1202 Lartos,
493 1107 531 1194 M.
553 1141 649 1208 Lepidi
671 1142 733 1202 fitia,
753 1156 820 1195 uxor
839 1141 919 1196 Drusi

113 1227 247 1285 Caesaris.
262 1241 342 1295 qoem
360 1229 462 1280 crebris
474 1228 630 1279 criminibus
651 1230 771 1280 insecuta
783 1233 834 1280 esi.
867 1229 919 1280 im·
937 1239 940 1243 ·

113 883 197 939 Nono
215 885 457 940 cissisnsvsvs.
469 886 580 939 Cressa
599 899 693 939 rtrrnt.
707 886 734 938 id
747 891 798 948 est,
811 885 918 940 Duum·
1020 925 1021 962 3

115 1317 222 1382 punita.
235 1313 298 1366 dum
311 1315 446 1382 superfuit
458 1319 556 1381 putem
576 1319 636 1382 post
648 1331 664 1366 a
683 1316 848 1368 delatoribus
861 1329 922 1367 eor·
1022 1317 1023 1324 ’

58 1407 62 1416 ’
116 1405 205 1468 repta,
231 1415 260 1452 se
287 1403 344 1468 ipsa
367 1402 507 1454 interemit
538 1415 606 1454 anno
632 1401 666 1454 U.
691 1402 722 1455 C.
747 1413 917 1455 nccnxxxrx.

116 1486 209 1538 Tacit.
229 1487 327 1539 Aunai.
341 1501 379 1547 tv,
393 1489 436 1538 20.
450 1503 488 1548 vr,
507 1490 540 1539 27
558 1491 588 1540 et
600 1491 642 1539 to.

150 1652 193 1708 de.
207 1656 292 1710 Gutus
310 1657 429 1711 Gnosis.
441 1659 597 1712 Germanioi
610 1661 640 1710 et
662 1657 827 1725 Agrippinae
840 1657 918 1718 tilius,
1022 1699 1023 1704 ,

114 1745 228 1822 amabili
243 1746 361 1811 pueritia
379 1751 408 1798 et
421 1747 517 1814 insigni
539 1745 701 1803 festivitate,
724 1745 853 1810 Augusto,
875 1743 920 1795 vei

113 1836 176 1897 post
190 1835 315 1886 mortem.
329 1833 490 1883 carissimus.
511 1830 572 1882 Jam
585 1829 835 1898 pueresneusobiit.
855 1827 924 1884 Sue·

114 1917 172 1968 ton.
187 1917 215 1966 in
227 1913 294 1966 Ceio
307 1929 348 1966 vn
361 1921 393 1968 et
405 1931 469 1968 rin.

150 2090 194 2139 86.
220 2087 305 2140 Gutus
322 2089 441 2148 Cannio,
466 2088 556 2141 dietus
579 2087 732 2146 Gauianus,
752 2086 920 2140 instaurari

117 2191 156 2234 tv,
175 2174 331 2227 Germanioi
344 2181 374 2228 et
387 2177 553 2244 Agrippinae
566 2175 643 2236 fliius,
657 2180 734 2228 uatus
745 2176 821 2228 Antii
831 2174 921 2242 pridie

116 2261 252 2314 Kalendas
266 2264 452 2328 septembres,
465 2261 625 2315 Germanico
642 2269 672 2314 et
691 2262 823 2330 Capitone
843 2262 921 2316 Coss,

115 2352 185 2399 adim
205 2345 241 2397 ti.
253 2345 285 2398 C.
308 2361 424 2398 ocouxv.
444 2346 546 2400 Gnarus
559 2350 745 2408 simulationis.
764 2350 827 2402 dom
848 2351 918 2402 vixit

116 2431 254 2485 Tiberius.
292 2433 402 2484 unimus
416 2433 534 2500 prodidit
545 2439 575 2486 et
592 2433 716 2487 efferavit
738 2434 919 2502 Principatos.

115 2517 264 2586 Nihiipm
279 2519 330 2569 nisi
353 2524 539 2584 portentosum
560 2521 691 2588 cogitarit
713 2535 744 2571 ae
768 2523 868 2587 gessit:
888 2529 919 2570 et

116 2613 181 2658 enm
199 2603 265 2656 dede
285 2605 379 2656 nabori
401 2607 493 2665 veiint,
507 2606 551 2658 init
570 2608 676 2673 generis
688 2607 797 2656 humaui
820 2606 920 2656 erasit.

116 2691 196 2742 Adeo
215 2692 359 2766 ¹sanguinis
389 2691 490 2750 avidus,
521 2681 553 2744 nt
582 2692 676 2742 soiitos
705 2695 779 2742 esset
808 2690 920 2742 dicere:

120 2776 233 2829 Utinam
254 2778 367 2842 populus
391 2775 528 2828 Romanas
551 2791 632 2828 auom
657 2776 780 2828 ceruicem
804 2778 920 2840 dederet,

115 2876 196 2935 mam
215 2865 401 2932 praecideret!
421 2860 567 2918 immensas
589 2879 663 2932 opes,
688 2867 918 2937 totumqueiiiud

114 2950 223 3002 Tiberii
248 2951 331 3002 vinies
355 2963 387 3002 ae
411 2951 512 3017 septies
537 2951 639 3004 miiiieo
660 2955 826 3014 sestertium,
852 2955 920 3008 Gai-

115 3037 331 3090 nonenoeane
352 3038 433 3090 libras
451 3039 633 3098 Maxentii.
653 3053 706 3092 non
727 3046 786 3093 toto
807 3049 919 3096 resten-

115 3129 145 3176 te
170 3137 246 3183 anuo.
273 3127 435 3192 absumpsit.
468 3124 531 3178 Nee
552 3129 649 3179 mirum
675 3129 706 3180 in
726 3144 767 3185 eo.
792 3131 840 3196 qui
862 3143 918 3182 uno

114 3211 160 3264 die
173 3215 280 3265 centies
291 3215 426 3274 sestertio,
439 3212 564 3264 Gaiiieae·
581 3221 708 3266 monetae
726 3216 801 3266 tibris
815 3220 840 3276 t,
851 3218 914 3275 945.

151 3328 217 3365 rou.
237 3329 285 3366 ιιι.
523 3329 542 3364 o
558 3313 576 3346 ¹²
