2096 3840
98 234 147 310 36
302 257 349 304 ou
374 251 532 306 montera
558 255 771 306 unanimae

98 427 166 484 pum
192 409 268 468 baur]
295 411 383 470 dubie
410 409 622 470 Germanorum
636 411 735 483 pounb
762 411 874 477 colunt,
888 411 976 470 Vun-

98 509 210 585 ssioneu
234 509 368 576 Triboci,
382 510 531 568 Nemetes.
575 510 622 566 Ne
644 509 714 566 Vbii
740 511 857 584 quidem
871 527 976 584 quam·

99 627 184 685 quam
212 609 344 668 Romana
365 608 484 666 colonie
511 625 575 666 eece
603 609 768 679 meruerint,
783 623 818 666 cc
833 609 976 668 libentius

98 705 326 784 Agrippinenses,
352 707 511 766 conditoris
525 707 569 764 sui
596 708 724 774 nomine,
740 715 892 775 vocentur,
916 707 976 766 ori·

100 807 169 880 gine
195 810 379 868 erubescunt,
407 807 578 879 transgressi
604 807 675 862 olim
702 812 732 863 et
766 806 976 879 experimento

100 905 168 965 titlei
181 923 267 979 super
280 905 372 978 ipsam
388 903 486 962 Rheni
504 905 596 979 ripam
608 905 767 972 conlocati,
781 911 813 962 ut
826 910 974 973 arcerent,

102 1022 162 1062 nou
176 1010 207 1062 ut
220 1004 440 1062 custodirentur.

47 1079 91 1136 29
143 1102 281 1160 Omnium
303 1104 403 1160 barum
417 1101 550 1175 gentium
566 1101 675 1158 virtute
691 1099 841 1182 praecipui
854 1099 979 1168 Relevi,

102 1219 162 1258 noo
177 1204 298 1260 multucs
312 1221 350 1259 ex
379 1203 450 1274 nna,
464 1203 515 1258 sed
540 1202 665 1258 insulam
687 1201 784 1258 Rheni
799 1200 902 1268 amnis,
926 1215 977 1256 co·

102 1301 175 1366 lunt,
199 1301 349 1358 Gallorum
373 1301 518 1375 quondam
548 1303 668 1372 populus
695 1305 725 1356 et
752 1298 898 1356 seditione
921 1299 975 1354 do·

103 1395 226 1454 mettica
254 1397 284 1454 in
309 1413 362 1452 eae
388 1398 473 1452 sedes
501 1402 703 1469 transgressus,
717 1395 748 1452 in
775 1393 877 1468 quibus
907 1411 975 1466 pars

103 1495 230 1552 Romani
245 1495 358 1568 imperii
377 1495 488 1552 tierent.
531 1495 635 1550 Manet
662 1495 754 1550 hortos
780 1499 811 1550 et
834 1492 976 1566 antiquae

102 1593 252 1650 societatis
274 1595 404 1668 insigna.
425 1611 493 1650 nam
520 1611 577 1650 nec
598 1593 711 1650 tributis
738 1597 976 1660 contemnuntur,

103 1709 160 1748 nec
175 1692 346 1764 publicanus
367 1693 481 1750 adierit.
501 1693 633 1764 exempti
655 1690 791 1748 oneribus
818 1697 849 1747 et
876 1671 996 1747 conla-¹

104 1789 240 1854 tionibus.
268 1797 297 1848 et
325 1797 437 1848 tantum
466 1792 496 1848 ie
525 1808 607 1847 usum
640 1789 814 1863 proeliorum
841 1786 976 1860 sepositi,

73 1865 81 1886 ⁸
105 1891 186 1948 velut
214 1893 273 1948 tela
292 1897 379 1964 alque
404 1907 492 1957 arma,
514 1889 598 1946 bellis
626 1901 818 1946 reservamur.
859 1887 914 1944 Est
943 1885 979 1944 in

103 1989 207 2045 eodeni
241 1991 380 2064 obsequio
407 1996 437 2045 et
467 1988 673 2046 Mattiacorum
701 2005 781 2060 gens.
851 1984 981 2042 Protulit

104 2087 183 2144 enim
198 2089 368 2162 magnitudo
390 2087 495 2158 Populi
510 2087 636 2144 Romani
659 2088 734 2144 ultra
762 2085 908 2148 Rhenum,
937 2084 982 2140 ul·

104 2189 203 2260 traque
232 2175 346 2242 veteres
367 2187 514 2254 terminos,
530 2185 649 2258 imperii
676 2183 884 2242 reverentiam.
929 2183 980 2240 lta

106 2285 176 2340 sede
191 2284 351 2358 finibusque
379 2285 410 2340 iu
424 2301 476 2340 suu
489 2286 559 2370 ripn,
587 2289 685 2339 mente
710 2282 864 2355 animoque
880 2277 980 2337 uubis·

140 2455 273 2514 Vangiones.
283 2455 382 2510 Triboci,
393 2456 502 2516 evometur]
533 2455 668 2513 Vangiones,
687 2453 735 2500 Tire
745 2453 863 2512 diocese&
875 2453 979 2500 Werms:

109 2515 208 2566 Triboci.
215 2517 296 2562 uncae
305 2517 331 2574 a!
337 2517 485 2572 Struebuurg:
504 2515 617 2569 Nemetes,
626 2515 708 2560 diurnae
718 2513 745 2571 er*
756 2511 828 2569 Spire.

141 2595 206 2656 Ubii]
239 2595 299 2650 libii.
313 2595 438 2650 Maerens
449 2593 550 2651 Colngne.
584 2592 721 2648 Bucconis
740 2589 982 2650 exormetinpartss

110 2653 263 2704 Rornanorum
281 2668 397 2715 procons
422 2652 585 2720 Germania-in
601 2651 691 2720 Galliae
707 2659 851 2707 trangressum
871 2649 895 2694 in
914 2651 982 2696 finem

109 2713 196 2783 recepit
211 2713 310 2760 ¹Marsus
331 2714 436 2774 Agrippa,
452 2728 511 2758 anno
536 2711 603 2756 urbis
627 2710 731 2779 conclus?
752 2723 856 2754 ncoxvu.
896 2709 982 2778 Strabo

109 2771 391 2900 iiiiiimtfbelii
409 2766 985 2899 itliuiiiiiittiiittbilibit!

111 2896 365 2996 ffitrlzllntk'cfagcmen
384 2890 478 2936 inditum
496 2903 524 2933 ex
537 2887 647 2934 vocabulo
663 2901 739 2947 sperus,
759 2893 783 2932 ut
803 2885 899 2948 vidimus
916 2899 986 2945 supra

142 3028 231 3086 Batnai}
265 3027 346 3073 Batavi
364 3040 407 3072 non
424 3026 491 3071 modo
510 3025 604 3070 insiliam
629 3022 703 3070 Rheni
725 3022 804 3078 amnis,
825 3021 917 3076 Betnve,
941 3021 985 3068 esd

112 3087 196 3145 aliquid
207 3102 234 3131 ex
253 3087 309 3154 ripa,
320 3087 356 3130 nbi
370 3085 456 3145 aliquot
466 3084 604 3131 Batavorum
613 3082 705 3144 oppida,
716 3083 812 3128 coluere.
847 3081 881 3128 De
891 3081 926 3126 his
936 3079 985 3126 dic·
1037 3093 1038 3097 ’

112 3151 161 3190 tum
171 3161 236 3205 supra
249 3145 305 3190 Hrsl.
321 3145 360 3190 lv.
375 3147 408 3190 12.

143 3223 301 3268 Mattiacorum
320 3224 382 3280 geris]
415 3221 522 3268 Mattiaci
541 3226 612 3266 terrae
635 3219 686 3265 illes
705 3219 830 3273 obtinuere,
850 3231 904 3278 quaa
922 3231 984 3262 cirne

113 3281 207 3328 dicimus
214 3281 301 3340 pontif
312 3281 451 3336 Wetlernss'n,
461 3280 538 3332 Herse.
548 3279 678 3336 lembum,
694 3279 740 3324 und
756 3277 839 3324 Fuldn.
873 3276 907 3322 lbi
921 3277 987 3322 Mut-

114 3340 178 3391 tium.
191 3341 310 3398 Mnrnurg.
321 3345 344 3385 et
354 3340 462 3386 Mattiaci
473 3340 552 3393 tonus,
563 3353 619 3384 nunc
634 3337 769 3390 llis-buum.
779 3351 836 3382 near
845 3335 964 3392 Marymce.

145 3418 175 3464 ln
185 3435 224 3465 sun
236 3420 293 3479 rinc]
327 3420 402 3480 Usque
412 3421 440 3463 ad
452 3416 526 3463 libeni
537 3432 547 3460 r
556 3427 607 3478 fam
617 3413 690 3462 diffusi
701 3414 817 3472 Mattiaci,
827 3415 925 3460 maxime
934 3427 988 3460 cum

116 3477 171 3524 Ubii
181 3478 211 3524 tit
223 3477 325 3524 Rhenum
334 3478 397 3524 inere
406 3474 544 3534 transgressi.
