2096 3840
87 193 136 264 60
374 213 463 264 sunu
488 215 611 264 snare.
636 214 725 264 vrrs

57 366 77 424 u
108 370 189 430 Hinc
202 370 442 442 mormannum
454 370 643 444 Magistratus
651 371 683 428 in
695 373 796 428 urbem
806 369 969 444 digressus,

88 470 251 530 Domitiam
260 470 971 543 Daoidiansm,splendidisnntatibusortam,nibi
1028 436 1029 526 Ι

87 569 192 630 iunxit.
212 570 299 644 idque
319 570 534 627 matrimonium
554 571 592 626 ad
613 570 724 627 maiora
744 571 861 627 nitendi
874 573 970 632 decus

88 688 125 730 ao
158 673 242 729 robur
274 669 338 728 tuit.
373 669 567 744 vixeruntque
601 670 673 726 mira
707 671 879 744 cuneorum,
913 689 970 744 pur
1029 680 1030 710 t

89 778 218 830 mutuam
236 769 399 834 caritatem,
418 775 449 825 et
463 769 594 826 invinem
608 787 640 824 se
655 770 886 842 anteponendo:
907 770 971 828 nisi

89 872 166 946 quost
185 870 216 928 in
244 870 321 926 bona
360 885 450 926 uxore
479 875 564 926 tanto
588 870 772 935 maiorisue,
793 875 904 943 quanto
931 869 970 928 in

90 972 167 1028 mata
182 971 245 1042 utus
258 969 363 1041 autpne
384 973 437 1024 est.
479 968 549 1026 Sors
571 969 752 1040 Quaesturae
775 968 969 1040 provinciam

91 1067 206 1132 Asiam,
227 1067 436 1126 Proonusutem
456 1068 592 1124 Satrium
606 1067 774 1131 Titianum,
788 1068 881 1124 dedit.
897 1085 973 1142 quo·

91 1183 154 1222 rum
183 1173 284 1222 neutro
303 1172 461 1238 oonruptus
481 1173 541 1222 est:
562 1175 784 1241 quemquamst
807 1167 970 1240 provincia

92 1264 177 1322 dives
196 1281 232 1322 ao
260 1265 587 1347 parsimpeonantibus.
607 1271 638 1322 et
659 1265 819 1323 Pronnnsui
841 1267 872 1325 in
903 1285 971 1326 om·

92 1381 161 1447 uem
199 1363 372 1422 aviditatem
393 1381 507 1434 uranus.
538 1366 720 1440 quantotibet
750 1365 895 1424 facilitate
925 1385 971 1427 rn-

93 1463 259 1536 dempturus
272 1471 348 1520 esset
359 1469 486 1521 mutuam
499 1464 763 1524 dissimulationem
773 1465 853 1523 maii.
881 1468 968 1526 Auc-

94 1568 140 1622 tus
173 1569 218 1620 est
245 1561 285 1620 ibi
308 1562 377 1628 titia,
398 1564 428 1618 in
462 1563 622 1620 subsidium
646 1569 676 1620 at
704 1565 840 1622 solatium
867 1566 969 1625 simut.

94 1679 162 1722 nam
184 1663 275 1720 fitium
296 1669 364 1720 ante
379 1663 522 1718 subtatum
543 1662 626 1719 brevi
640 1661 745 1721 amisit.
789 1663 861 1722 Mor
884 1665 967 1724 iuter

97 1764 287 1836 Quaesturam
299 1779 334 1820 an
350 1761 546 1819 Tribunatum
557 1762 651 1833 {stabis
664 1769 752 1837 atque
766 1763 857 1820 etiam
869 1763 969 1838 ipsum

12 1847 18 1858 ’
98 1863 277 1924 Tribunatus
298 1879 407 1920 annum
432 1861 530 1935 quiete
557 1867 587 1918 et
612 1861 677 1918 otio
700 1863 825 1930 transiit,
858 1881 970 1938 guarus

97 1965 150 2020 sub
172 1966 290 2023 Nerone
304 1969 474 2034 temporum,
494 1959 597 2034 quibus
611 1960 717 2018 inertia
742 1979 794 2035 pro
818 1963 971 2036 sapientis

97 2062 160 2122 tuit.
203 2065 285 2120 Istam
307 2061 468 2118 Praesume·
483 2067 566 2116 tenor
585 2065 616 2116 et
635 2059 794 2118 sitentium.
817 2079 873 2119 nan
887 2063 971 2122 enim

98 2161 261 2222 iurisdictio
274 2163 443 2217 obvenerat.
486 2159 585 2218 Ludos
604 2164 634 2218 et
648 2160 749 2216 inania
769 2160 890 2218 honoris
911 2179 973 2221 mo·

131 2339 204 2386 Tanta
222 2337 294 2396 sranius
312 2337 370 2399 laus]
403 2335 431 2384 tis
450 2335 545 2382 maxime
563 2335 666 2392 merulis,
691 2336 769 2398 quibus
787 2337 901 2398 profligati
920 2344 974 2386 mut

100 2415 182 2455 moras,
192 2407 215 2444 et
224 2397 309 2443 sentinis
321 2396 409 2457 quaevis
419 2397 502 2441 arrdere
513 2395 572 2448 licet,
582 2396 604 2441 iu
615 2395 673 2442 bona
683 2411 751 2442 uxore
761 2403 825 2442 tauto
832 2398 905 2455 major
916 2399 975 2457 laus,

116 2457 285 2506 uautoinmaIa
311 2456 345 2502 ius
354 2456 433 2516 antipae
442 2459 483 2501 est.
516 2455 578 2501 Brut.
609 2455 715 2511 Pithone,
726 2455 823 2516 Lipsius,
834 2456 973 2517 Gronovius,

100 2475 180 2566 intuor
189 2519 250 2564 tuus.-
268 2471 310 2562 sei
318 2515 380 2560 varie
389 2515 510 2576 erptinaut.
921 2511 927 2522 “

131 2597 204 2646 uano
213 2596 286 2656 sunjus
294 2595 353 2656 tuus]
384 2593 509 2641 Concordia
519 2591 640 2651 coniugalis
655 2592 713 2639 inter
723 2593 792 2640 bonos
803 2594 902 2647 laturiam,
914 2595 974 2644 inter

100 2658 171 2705 maios
181 2656 272 2706 crimen.
284 2655 359 2700 habet.
391 2654 482 2701 Sallust.
500 2653 546 2709 lug.
562 2655 598 2699 31.
630 2650 695 2698 [utar
710 2653 774 2698 bunos
787 2654 896 2707 amicitia,
912 2656 974 2702 iuter

100 2717 246 2774 mutorsurtiu
256 2719 293 2760 rst.
326 2713 355 2760 Et
371 2718 447 2759 noster
462 2715 490 2759 A.
509 2713 550 2768 ΙΙΙ,
566 2715 603 2758 34.
636 2709 689 2757 Viri
698 2712 724 2759 in
734 2727 757 2758 ao
767 2713 841 2772 culpo,
852 2713 975 2769 tiferninus

100 2777 190 2823 nudum
200 2775 294 2822 meunt.
326 2773 363 2820 ste
372 2773 422 2833 Rip.

130 2855 277 2916 Qunuturna]
308 2855 359 2905 Qua
376 2853 458 2914 primus
472 2851 502 2896 nd
517 2851 611 2898 honores
626 2849 707 2897 editus.
739 2850 800 2898 Vide
808 2865 876 2912 supra
889 2853 973 2900 Annal.

102 2917 142 2964 ΙΙΙ.
155 2920 191 2962 29,
225 2914 389 2961 Provinciarum
404 2909 541 2972 praesidibus
555 2917 683 2972 quaestores
692 2917 716 2956 st
725 2915 867 2972 quaestorum
877 2911 973 2968 scribae,

102 2975 239 3097 gisdeni,
253 2981 279 3020 ut
293 2971 412 3026 difficilius,
426 2968 569 3029 timidiusque
585 2975 711 3030 procurent.
744 2969 920 3027 tudertinum,
932 2971 974 3019 tv.
990 3039 994 3048 ι

131 3113 259 3174 Sublatam]
294 3115 353 3158 Ante
362 3113 485 3178 susceptum
496 3108 652 3170 sublatumque
661 3121 674 3154 e
684 3113 752 3162 terra,
762 3107 785 3154 iu
795 3121 839 3178 qua
849 3109 910 3154 nuda
920 3109 975 3156 nudi

102 3175 196 3221 infantes
206 3171 311 3227 Romani,
327 3183 402 3216 recens
417 3173 472 3223 nutu,
488 3167 661 3228 deportabantur.
694 3167 754 3214 Vide
769 3168 873 3222 Plinium.
885 3167 939 3216 vu.
952 3169 975 3215 in

102 3235 196 3295 pruriat.
208 3246 267 3278 uum.
281 3233 297 3276 t.
308 3236 331 3275 et
343 3226 472 3275 Suetonium
483 3227 505 3272 in
518 3231 573 3285 Aug.
585 3227 613 3273 ΙΙ.
871 3231 885 3254 ‘

134 3311 288 3358 iiibuuntum
306 3307 383 3368 viriis]
415 3305 513 3362 Huiusce
530 3306 672 3364 magistratus
688 3319 772 3352 summa
787 3304 918 3362 auctoritas,
934 3321 974 3369 po·

104 3375 173 3418 rata.-
183 3375 330 3415 sacrosnnetu.
364 3368 417 3414 ideo
432 3365 555 3410 trituratus
570 3379 651 3409 annum
661 3363 736 3424 quiete
746 3373 769 3410 et
779 3363 827 3410 otio
836 3365 934 3422 transiit,
947 3381 975 3412 ne

104 3429 219 3547 {tegnam
228 3427 358 3476 offenderet.
383 3425 419 3472 De
428 3423 538 3482 dignitate
547 3423 632 3470 tribuni
641 3422 713 3482 piebis
723 3423 794 3470 muita
804 3421 873 3470 habet
882 3425 975 3484 Plinius¹
