2096 3840
406 189 484 238 cnr.
516 174 548 240 3.
575 175 610 240 4.
911 172 957 240 57

85 344 260 420 sumpserit:
296 350 396 402 natura
421 351 519 404 tamen
541 347 717 406 infirmitatis
740 347 883 406 humanae
906 353 960 408 tar·

85 447 170 503 diora
191 450 260 502 sunt
292 445 435 513 remedia,
458 464 544 521 quam
575 449 671 515 mala;
706 454 745 515 el,
776 453 807 506 ul
839 465 960 523 corpora

86 547 167 601 lente
182 553 354 618 augescunt,
378 546 439 603 cilo
460 546 691 622 exstinguuntur,
714 547 757 604 sic
771 546 889 622 ingenia
903 553 960 604 stu·

87 645 194 719 iliaque
208 646 386 730 oppresseris
410 645 533 710 lucilius,
553 663 638 719 quam
653 647 847 740 revogaveris.
889 647 962 704 Sub·

88 743 110 800 it
131 744 239 818 quippe
268 745 358 802 etiarn
379 745 469 817 ipsius
494 746 619 802 inertiae
646 747 792 802 dulcedo:
813 741 962 803 ltlriuvisa

89 843 181 916 primo
194 843 310 900 desidia
326 850 471 918 postremo
492 851 611 902 amatur.
654 842 754 918 Quid?
774 844 799 902 si
818 863 869 918 per
882 843 962 920 quin-

89 943 184 999 decim
208 961 313 1010 aunos,
341 945 451 1018 grande
475 944 604 1002 mortalis
628 944 696 1001 aevi
720 945 854 1018 spatium,
878 943 962 1002 mulli

88 1041 210 1100 fortuitis
224 1043 352 1108 casibus,
364 1043 596 1118 promptissimus
610 1045 729 1120 quisque
743 1045 869 1102 saevitia
881 1043 962 1102 Prin-

90 1141 162 1214 cipis
198 1141 437 1201 interciderunt?
472 1143 573 1210 Pauci,
601 1151 632 1202 ut
667 1144 707 1200 ila
741 1144 874 1212 dixerim,
903 1163 962 1202 non

91 1243 174 1297 mollo
189 1243 325 1308 aliorum,
346 1245 397 1299 serl
425 1244 515 1300 etiam
543 1243 632 1300 nostri
656 1243 822 1316 superstites
846 1261 962 1314 sumus3

91 1342 236 1416 exemplis
265 1359 282 1396 e
307 1343 403 1398 media
434 1342 494 1398 vita
522 1347 565 1398 tot
592 1341 687 1408 annis,
711 1343 812 1417 quibus
839 1341 963 1400 iuvenes

91 1442 122 1498 atl
137 1445 337 1506 senectutem,
351 1459 436 1498 scucs
459 1459 547 1514 prope
569 1443 606 1498 ael
620 1441 698 1514 ipsos
719 1448 843 1499 exactae
858 1439 962 1498 aetatis

93 1540 241 1609 terminos,
269 1557 320 1613 per
333 1540 482 1598 silentium
511 1540 654 1598 venimus.
676 1558 734 1598 non
763 1547 859 1598 tamen
886 1540 964 1614 pige·

94 1639 142 1706 lrit,
158 1641 207 1695 vel
233 1637 385 1696 incondita
409 1655 445 1695 aa
465 1639 528 1696 rudi
557 1621 641 1707 ioue,
669 1639 837 1696 memoriam
863 1637 964 1711 prioris

94 1739 254 1806 servitutis,
266 1755 301 1794 ao
316 1738 512 1796 testimonium
527 1739 720 1812 praesentium
735 1739 873 1794 bonorum
888 1753 965 1793 com·

94 1839 233 1912 posuisse.
277 1837 336 1894 His
350 1837 467 1895 interim
482 1839 555 1895 tiber
568 1835 672 1894 honori
694 1835 861 1910 Agricolas,
885 1851 965 1891 soce·

94 1935 198 2003 rirnei,
223 1935 396 2003 destinatus,
412 1936 589 2010 professione
613 1933 732 2011 pietalis
760 1939 809 1990 aut
834 1933 964 1992 laudatus

94 2037 156 2106 crit,
169 2042 224 2096 ant
237 2043 403 2096 excusatus.

96 2237 237 2317 Onasus
265 2255 357 2314 lulius
374 2255 523 2331 Agricola,
537 2255 631 2314 reteri
657 2261 687 2313 st
708 2255 823 2314 inlustri
848 2248 999 2314 Forum-4

94 2369 233 2428 liensium
257 2370 374 2427 colonia
400 2377 488 2438 ortus,
513 2375 663 2454 utrumque
687 2385 775 2426 avum
801 2368 968 2424 Procurato-

124 2546 177 2618 Per¹
198 2544 327 2615 quindenas
345 2545 423 2606 cumr]
462 2544 549 2596 Quibus
573 2543 693 2606 imperauit
716 2542 865 2592 Domitianus.
899 2505 970 2588 'Mox

95 2611 268 2663 promiseramus,
280 2609 370 2650 vrrlute.

126 2683 287 2742 Composuisse]
329 2683 394 2730 Tunc
412 2682 470 2730 euim
486 2696 530 2728 noo
550 2682 617 2728 modo
636 2681 784 2728 Historiarum
810 2679 971 2738 localiumque

96 2743 175 2796 libros,
197 2743 328 2788 memoriam
348 2742 428 2802 prioris
445 2741 567 2796 servitutis,
586 2742 626 2788 sed
645 2747 669 2786 et
680 2741 772 2786 Nersae
780 2738 917 2798 Traianique
927 2750 970 2794 res,

95 2802 248 2849 momonium
258 2801 407 2862 praesentium
418 2799 533 2856 bonorum,
544 2801 640 2846 scribere
650 2799 801 2846 meditabatur·
810 2797 910 2844 Tacitus.

127 2879 331 2940 anjulieuuom]
363 2877 548 2938 Foroiuliensium
565 2879 660 2930 colonia,
678 2892 735 2924 nuuc
755 2875 841 2935 uratur.
858 2875 879 2920 iu
894 2874 973 2920 Gallia

98 2939 253 2994 Narbonensi,
264 2939 293 2984 de
312 2953 355 3008 qua
366 2939 451 2984 Plinius
461 2940 501 2986 lll.
518 2942 539 2984 l.
569 2937 658 3008 Eorum
673 2935 736 2984 Jutir·
746 2937 909 2982 octavanorum
919 2935 972 2980 rulo·

97 3001 146 3054 uio,
156 3013 213 3058 quus
221 2998 329 3044 Puteum
338 2997 463 3056 appellatur
473 3003 493 3046 sl
502 2999 607 3047 curura.

127 3069 446 3136 Procuratorerrrvuerarum]
478 3074 726 3122 Procuratorumaliiiu
737 3071 857 3135 provinciis
872 3069 973 3131 publicas

138 3136 210 3190 unias,
218 3135 257 3182 alii
269 3143 315 3182 turn
324 3137 425 3194 publicas
434 3143 480 3180 lum
490 3135 609 3180 lamili‘ues
614 3135 735 3180 Caesarum
760 3131 847 3177 ecunias
858 3129 973 3174 curabant.

133 3197 272 3244 blicanorum
290 3202 365 3241 autern
375 3194 454 3240 ordine
473 3201 496 3239 et
506 3193 581 3240 officiis
595 3194 663 3251 vulgo
672 3149 921 3292 detineianlureguites
929 3187 975 3234 llo·

100 3255 173 3313 msui5
185 3269 241 3315 quos
250 3255 309 3302 inter
316 3253 456 3300 habebantur
466 3253 558 3302 nobiles.
582 3253 604 3298 ui
613 3257 677 3298 crant
683 3257 836 3311 procuratores
866 3259 974 3293 aesaruru.

103 3317 157 3364 lude
167 3315 278 3378 equestris
286 3315 328 3362 illa
344 3311 457 3370 nobilitor,
475 3327 542 3375 quam
578 3311 649 3358 aeirus
668 3313 784 3357 memorat.
816 3305 853 3354 De
872 3317 975 3367 procura·
