2062 3824
95 199 142 270 86
359 221 446 270 rvnn
468 222 588 270 aaarc.
615 219 702 269 vrrs

95 379 226 442 ‘tenent
247 375 288 432 ita
309 365 450 433 adversae
463 376 643 433 dissolvent:
665 373 723 431 nisi
747 370 772 429 si
799 354 905 429 Gallos
936 377 969 431 et

10 497 11 520 2
94 473 275 530 ‘Germanos
288 480 318 531 et
333 471 434 552 (pudet
448 471 544 551 dictu)
570 473 775 530 Britannorum
802 475 967 546 plerosque,

93 573 185 630 ‘licet
205 572 398 628 dominationi
427 573 541 628 alienae
565 571 737 646 sanguinem
766 572 967 638 commodent,

10 711 12 716 -
92 666 222 728 'diutius
237 678 334 727 tamen
356 671 453 727 hostes
475 688 560 745 quarn
586 688 696 736 servos,
717 670 773 726 lide
794 675 824 726 et
845 669 967 726 adfectu

93 769 204 827 ‘teneri
232 770 346 842 putatis.
370 777 464 847 metus
485 776 515 824 et
529 776 619 824 terror
637 774 691 833 est,
711 767 825 824 infirma
841 767 966 824 vincula

93 867 258 925 ‘caritatist
280 885 353 942 quae
375 867 422 923 ubi
446 867 614 932 removeris,
628 866 677 940 qui
691 867 793 922 timere
808 865 964 933 desierint,

93 967 208 1022 ‘odisse
222 965 374 1038 incipient.
416 965 523 1022 Omnia
539 964 680 1020 victoriae
702 963 896 1020 incitamenta
911 979 965 1035 pro

92 1065 196 1121 ‘nobis
217 1071 292 1120 sunt.
315 1065 412 1120 nullae
439 1065 586 1120 Romanoa
613 1064 752 1136 coniuges
774 1062 962 1118 accendunt:

93 1163 182 1218 ‘nulli
204 1169 338 1236 parentes
362 1161 458 1236 lugam
482 1161 681 1233 exprobraturi
703 1169 787 1216 sunt:
809 1165 858 1216 aut
881 1162 965 1218 nulla

93 1261 256 1333 ‘plerisque
291 1260 392 1332 patria,
420 1267 469 1316 aut
498 1259 565 1324 alia,
599 1265 652 1314 est.
688 1276 795 1331 paucos
827 1245 962 1329 ¹numero,

92 1359 238 1432 ‘trepidos
253 1357 425 1432 ignorantia,
439 1359 552 1414 coelum
563 1357 656 1428 ipsum
671 1374 706 1412 ac
722 1374 799 1412 mare
814 1363 843 1412 et
859 1358 963 1424 silvas,

93 1457 210 1532 ‘ignota
229 1457 327 1513 omnia
341 1457 628 1528 circumspectantes,
646 1449 760 1512 clausos
774 1456 964 1528 quodammo-

93 1557 150 1613 ‘do
176 1573 212 1612 ac
234 1560 350 1612 vinctos
372 1554 424 1612 Dii
446 1554 529 1611 nobis
551 1537 761 1610 tradiderunt'
782 1553 830 1609 Ne
852 1557 961 1610 terreat

122 1726 198 1774 Pudet
207 1728 269 1774 dictu
303 1727 450 1786 singulariter
458 1725 541 1772 dictum
551 1741 593 1788 pro
600 1727 668 1785 pudet
676 1725 756 1772 dicere
778 1723 874 1771 Plautus
884 1729 959 1772 tensa

91 1785 174 1834 Bacch.
187 1792 235 1834 Act.
249 1789 268 1833 ll
285 1789 333 1834 .Sc.
348 1789 364 1834 l.
376 1787 445 1832 dixit:

166 1866 246 1926 Neque
254 1866 305 1920 mei,
316 1879 387 1926 neque
397 1865 428 1910 tui
439 1864 496 1910 intus
507 1864 606 1924 puditum
615 1868 649 1910 est
658 1861 729 1916 lactis,
739 1875 795 1923 quae
804 1861 867 1908 lacis.

92 1943 124 1990 Et
135 1943 213 1991 Veler.
227 1944 340 1990 Maximus
360 1944 398 1990 lX.
412 1947 445 1990 13.
457 1957 515 1990 num.
528 1945 549 1988 2.
582 1942 629 1988 lt’rr
648 1941 891 1997 relrtbaefnmils'nric
906 1940 958 2002 quir

91 2003 295 2058 dirtufurtidiendn
309 2011 372 2048 runt.

120 2079 259 2143 Sanguinem
273 2081 414 2142 emundent]
446 2081 597 2127 Rornanorum
617 2079 763 2127 dominationi
779 2079 849 2126 vitam
871 2081 959 2138 sangui·

91 2151 185 2199 nemque
202 2137 374 2184 commodabant
400 2140 517 2185 auxiliares
536 2141 607 2194 Galli,
623 2139 738 2194 Germani,
754 2147 777 2185 et
797 2139 957 2186 Britannorum

91 2198 205 2258 plerique:
232 2198 314 2244 diutius
330 2203 405 2244 tameo
424 2204 506 2256 nostes,
524 2214 590 2260 quarn
609 2201 684 2258 servi,
709 2213 735 2244 aa
753 2197 848 2260 proinde
869 2200 957 2244 modion

89 2255 178 2311 all‘ectu,
194 2255 235 2302 tide
254 2256 344 2302 incerta

121 2334 206 2380 Nullae
216 2335 326 2380 Romanor
334 2335 447 2396 conjuges]
478 2335 582 2382 Coelibes
592 2337 659 2395 vulgo
675 2341 739 2382 erant
754 2337 837 2383 milites
848 2337 955 2385 Romani.

91 2392 151 2440 Vide
162 2393 233 2439 Notas
253 2399 276 2438 et
296 2394 468 2440 llmendationes
484 2397 513 2440 ad
533 2395 614 2442 annal.
640 2396 705 2442 XlV.
726 2400 762 2444 27.
794 2397 917 2442 Praeterea
935 2398 959 2444 in

91 2453 170 2498 castris
181 2452 288 2498 Romanis
297 2454 370 2498 nullus
381 2453 466 2498 leminis
476 2455 543 2500 locus.
575 2454 683 2501 Veterani
694 2456 817 2500 'l'arenturn
827 2461 851 2501 et
862 2457 957 2502 Antium
1020 2465 1021 2470 ’

91 2511 265 2571 adscripsimus
302 2517 375 2556 tamen
394 2511 556 2572 infrequentiae
582 2513 683 2558 locorum
703 2513 832 2570 subvenere,
861 2515 957 2575 dilapsis

90 2569 189 2638 pluribqs
207 2569 229 2614 in
248 2569 381 2638 provincias,
402 2570 424 2616 iu
450 2571 527 2631 quibus
548 2570 576 2617 sti
593 2572 658 2618 rudia
677 2575 826 2632 expleverant
874 2573 958 2635 Neque

90 2643 195 2732 qouprgns
204 2629 354 2732 elrrrcrprq‘ndrs,
370 2643 441 2732 neque
456 2586 634 2732 ³¹‘ldlflsfig‘fss
644 2630 784 2701 sueti-orbas
794 2631 841 2676 siue
853 2632 957 2703 ¹posteris

90 2692 505 2814 ...litata
523 2689 955 2819 irtanuannnuc

90 2802 151 2849 bant.
200 2807 228 2850 ln
247 2805 335 2863 quidem
356 2807 442 2864 aliquot
459 2813 513 2850 ante
528 2806 598 2859 annis,
617 2805 731 2858 Claudius,
749 2808 800 2866 quia
818 2821 845 2852 sc
867 2808 956 2865 legium

89 2875 170 2968 {cirea
187 2864 266 2968 Ιιαὶἒοέἶ
285 2877 331 2910 nara
348 2868 455 2922 poterant,
485 2864 618 2910 maritarum
633 2864 692 2922 jura
719 2870 858 2912 manerat.
897 2867 952 2914 Dio.

136 2956 141 2966 .
160 2935 210 2982 pag.
267 2955 273 2967 .

118 2999 190 3046 Nulli
209 2999 415 3062 parentsrsugrm]
446 3001 530 3048 Contra
552 3015 614 3056 vero,
639 3005 665 3048 nt
682 3003 742 3062 apud
766 3003 897 3058 Germanos,
923 3005 956 3052 ric

88 3059 148 3118 apud
160 3057 283 3110 Britannos,
295 3066 383 3111 matres,
402 3060 504 3116 conjuges
522 3061 646 3106 hortamina
663 3062 811 3121 pugnantibus
828 3063 954 3121 gestabant,

88 3123 112 3162 et
121 3116 239 3161 inclinatas
250 3116 392 3174 labentesqus
402 3117 460 3161 acies
468 3133 630 3180 nonnumquam
640 3121 794 3167 restituebant.
818 3121 876 3168 Vide
885 3137 955 3184 supra
1020 3151 1021 3162 .

88 3174 117 3220 de
127 3174 231 3222 Moribus
245 3173 407 3218 Germanorum
417 3188 465 3233 cap.
477 3179 524 3221 l'et
534 3180 554 3222 Β.

117 3249 313 3318 Νυῖίαιρὶπνξεᾳιιε
331 3249 412 3310 patric]
446 3253 562 3319 :lutnrrlla
573 3243 684 3318 plerisque
703 3257 829 3318 patriaest,
848 3259 956 3318 actalia,
1020 3277 1021 3280 ¹

87 3322 152 3368 quarn
164 3307 285 3353 Britannia.
317 3308 388 3354 Nulla
398 3308 509 3377 plerisque
523 3315 597 3371 patria
612 3324 670 3370 erat,
680 3317 748 3375 quod,
767 3323 792 3361 ut
811 3321 954 3379 recteexpli·

87 3373 123 3435 cat
136 3365 223 3435 illustr·
250 3364 352 3434 licetine,
362 3365 457 3436 qtrscurr3
478 3369 544 3428 vulgo
560 3374 661 3433 concepti
679 3388 706 3420 ex
722 3375 800 3422 scortis
810 3376 956 3436 militaribus,
1020 3401 1021 3404 ¹

85 3439 110 3474 m
127 3423 310 3485 erpedrtronrbus,
321 3437 344 3471 in
354 3437 396 3470 rus
410 3429 465 3472 nats
