2096 3840
403 255 480 304 ear.
508 233 567 304 29.
590 239 649 308 ³0.
898 237 944 310 83

87 409 220 469 oloribus
235 409 384 467 adfluebat
398 411 494 470 omnis
517 412 662 481 iuventus,
684 415 716 470 ot
738 411 841 490 qulbus
866 417 955 475 erurls

90 525 122 566 so
136 509 240 567 viridis
255 515 403 576 senectus,
416 513 488 568 olari
504 513 591 578 bello,
605 529 641 570 ao
654 529 706 569 suu
717 513 836 588 quisque
850 516 957 574 deeors

87 614 229 681 gestantes
245 629 252 664 :
273 627 341 666 oum
357 610 434 666 iuter
447 612 542 682 plures
558 612 658 668 Duces
674 611 780 668 virtute
794 618 825 669 et
847 631 955 688 genere

88 713 243 780 praestans,
268 709 390 765 nomine
405 709 559 782 Calgacus,
574 711 650 782 apud
664 717 846 768 oontrnotsm
861 711 955 770 multi·

89 807 224 874 tudinem,
239 807 382 880 proelium
394 813 572 880 poscentem,
583 807 615 864 iu
627 807 704 865 buno
717 809 833 866 modum
842 811 955 868 loeutus

89 903 186 962 fertur:

126 1005 291 1078 ‘Quotiens
312 1022 429 1064 saumas
449 1005 519 1064 belli
542 1010 573 1063 et
593 1007 800 1066 necessitatem
826 1013 953 1068 nostrum
965 1018 1008 1080 30

90 1102 223 1170 ‘intueon
238 1123 361 1180 magnus
382 1105 454 1162 mihi
474 1105 586 1162 unimus
607 1113 661 1171 est,
683 1107 852 1166 hodiernum
866 1111 955 1178 slirm,

91 1207 341 1278 ‘oouseusumque
375 1211 511 1266 vestrum,
546 1204 661 1261 initium
698 1207 839 1265 libertatis
867 1211 956 1266 lolius

91 1302 282 1360 'Britanniae
302 1304 373 1359 lore.
414 1304 491 1360 Nam
512 1311 543 1360 et
571 1304 699 1363 universi
728 1309 879 1364 servitutis
906 1325 956 1365 ex·

91 1405 211 1474 ‘pertes‚
231 1407 263 1458 et
288 1403 385 1458 nullae
409 1405 605 1470 ulimmerus,
628 1419 663 1460 ue
686 1421 723 1461 ue
747 1421 825 1462 mure
839 1407 956 1480 quiden

91 1505 250 1564 ‘securum
287 1499 450 1558 inminente
483 1501 566 1558 uobis
607 1504 701 1558 classe
736 1503 876 1560 Romana.
915 1505 957 1560 its

92 1601 248 1672 ‘proelium
263 1609 350 1674 atque
370 1617 458 1665 arms,
473 1617 545 1672 quae
561 1599 680 1658 torribus
702 1601 835 1666 honesta,
853 1604 956 1658 eudem

91 1699 195 1756 ‘etiam
211 1699 329 1774 ignavis
344 1699 496 1764 tutissima,
517 1707 592 1755 sunt.
636 1699 749 1756 Priores
760 1717 883 1772 pugnae,
897 1699 957 1774 qui-

94 1798 157 1855 ‘bus
171 1799 313 1856 adversus
329 1799 475 1855 Romanos
501 1799 582 1854 varia
603 1798 716 1854 lurluua
740 1804 882 1855 sertatum
903 1803 956 1865 est.

92 1902 191 1970 ‘spem
215 1915 252 1955 uo
276 1897 434 1954 subsidium
459 1897 489 1953 in
517 1897 620 1953 uostris
646 1897 778 1952 munibus
792 1897 956 1954 babebsut:

91 1999 171 2071 ‘quis
197 1995 373 2054 nobilissimi
396 1997 482 2052 totius
517 1995 699 2056 Britanniae.
721 2011 812 2068 eoque
832 1994 864 2052 iu
884 1993 955 2068 ipsis

93 2095 309 2178 ‘penetralibus
321 2094 380 2160 siti,
395 2111 450 2150 uro
464 2093 656 2151 servientium
677 2093 773 2151 littore
793 2095 957 2169 uslspioieu·

118 2272 210 2320 Viridis
224 2271 333 2332 nuestus]
365 2269 402 2318 Sis
415 2269 530 2329 Virgilius,
542 2270 635 2318 Aeneid.
652 2269 693 2336 Vl.
704 2274 755 2320 304.

223 2353 276 2398 Jam
286 2351 371 2398 senior:
387 2351 426 2397 sed
436 2352 504 2396 ensda
518 2350 561 2396 sleo
571 2350 691 2412 viridisque
701 2356 807 2399 senectus.

116 2435 163 2484 Suu
178 2436 271 2496 quisque
286 2435 372 2494 demea]
405 2435 504 2482 Bellicae
515 2434 603 2480 virtutis
613 2435 706 2492 insignia
716 2450 741 2481 ao
751 2434 857 2496 praemia.

118 2515 241 2574 Gulgnrus]
275 2517 301 2560 lu
313 2513 384 2559 veteri
394 2523 417 2558 et
427 2514 529 2559 sabuloso
539 2513 647 2560 Triadum
665 2513 724 2560 libro
734 2513 862 2574 appellatur
871 2513 958 2562 Gulusss

87 2587 114 2630 sp
124 2575 251 2622 Limnos.
284 2573 409 2619 Fortissimi
420 2574 484 2630 hujus
494 2573 536 2618 riri
546 2573 648 2620 orations
658 2573 712 2620 nihil
729 2573 877 2632 praestantius
888 2575 958 2620 habet

90 2639 135 2680 tum
145 2634 243 2683 Graeca.
260 2637 307 2678 turn
319 2633 421 2680 Romana
436 2631 565 2692 antiquitus.
599 2630 681 2677 Omnes
701 2631 858 2677 dominationis
876 2633 959 2678 Roma-

90 2707 132 2739 nae
151 2701 220 2747 artes,
240 2691 297 2738 sitin
316 2691 399 2748 omnia,
417 2692 473 2736 mira
488 2697 539 2735 orte
557 2703 584 2736 ss
604 2691 714 2736 brevitate
730 2689 759 2735 ibi
779 2689 876 2750 erpllost
894 2690 959 2738 Tasi-

118 2831 154 2876 llo
163 2830 275 2888 proelium
285 2833 348 2888 utque
358 2829 430 2890 ursus]
463 2829 487 2874 lu
507 2828 549 2874 boo
567 2842 640 2874 rerum
650 2832 710 2872 statu
728 2827 837 2888 proelium
854 2833 876 2873 et
887 2843 958 2885 arms.

90 2903 133 2936 uon
142 2891 239 2935 lortibus
247 2893 334 2934 tanturn
346 2889 446 2940 horustn.
456 2889 495 2933 serl
516 2887 566 2948 ipsis
576 2887 645 2932 etiam
655 2887 739 2944 ignavis
749 2887 871 2932 necessaria
887 2893 909 2934 et
924 2893 959 2934 lu·

90 2948 174 2996 tissima
184 2954 244 2994 suut.
278 2947 365 2993 Priores
374 2947 529 2992 Britannorum
540 2960 633 3006 pugnae,
643 2945 721 3006 quihus
731 2945 836 2990 adversus
845 2945 959 2993 Romanor

91 3009 152 3052 varia
162 3009 253 3053 lorinus
263 3011 371 3052 sertatum
381 3013 422 3059 est,
443 3019 505 3065 spem
515 3003 610 3050 alteram
626 3019 654 3049 ac
667 3003 787 3049 subsidium
807 3017 910 3060 praeseus
921 3005 959 3050 ha·

91 3064 174 3112 bebant
193 3066 217 3111 iu
228 3065 308 3110 nostris
322 3063 456 3114 civilatibus.
474 3065 503 3108 ad
529 3078 568 3108 uas
578 3063 704 3120 confugere,
714 3063 736 3108 iu
756 3061 837 3106 nostris
850 3064 959 3121 manibus,

90 3139 147 3194 qliae
157 3127 245 3172 bostem
259 3123 348 3170 vincere
359 3127 470 3182 poterant.
527 3137 552 3168 os
561 3123 629 3177 enim,
649 3121 718 3166 totius
728 3120 860 3167 Britanniae
869 3121 960 3168 nobilis·

91 3185 147 3240 suni,
165 3198 239 3242 eoque
261 3183 283 3228 in
305 3182 358 3242 ipsis
377 3180 536 3242 penetralibus.
561 3195 639 3240 nempe
662 3179 684 3225 in
707 3177 838 3234 Caledonia,
856 3180 899 3232 siti,
919 3193 960 3226 nee

93 3244 236 3289 servientium
256 3241 374 3288 Gallorum
394 3241 462 3284 litura
474 3239 614 3298 aspicientes.
631 3239 707 3284 oculos
737 3248 810 3291 unque
829 3253 843 3280 n
854 3245 960 3282 contactu

93 3301 210 3348 Romanae
226 3301 382 3345 dominationis
404 3297 523 3342 inviolatos
546 3295 686 3340 habebamus.
753 3305 786 3342 os,
805 3297 915 3337 terrarum
933 3306 961 3358 ac

92 3359 203 3406 libertatis
215 3363 333 3410 extremos,
344 3370 441 3402 recessus
451 3354 498 3412 ipse
508 3367 535 3397 ao
545 3353 605 3398 sinus
615 3353 689 3394 iamne
704 3349 858 3411 (audacteret
873 3357 963 3400 egregie

92 3419 186 3478 dictum,
201 3421 227 3464 ut
237 3423 348 3476 terrarum¹
357 3429 386 3460 so
395 3415 468 3460 laurae
486 3410 534 3456 linis
544 3406 691 3466 exprimatur)
701 3405 724 3448 iu
740 3404 798 3446 huns
808 3401 867 3444 slreur
886 3401 962 3443 dolm-

93 3479 133 3538 ut.
