2096 3840
80 207 131 276 70
330 231 418 280 rrarr
445 231 566 280 auaro.
596 221 685 281 'rann

80 383 219 442 ‘alterius
242 401 353 455 manus,
375 386 570 444 Centuriones
585 388 713 454 alterius,
730 389 790 446 vim
804 393 835 446 et
849 394 957 449 contu·

81 483 203 540 ‘melias
231 484 363 542 miscere.
384 485 457 542 nihil
482 486 541 543 inm
554 485 718 559 cupiditati,
744 487 817 545 nilril
835 489 956 547 libidini

82 587 266 662 ‘exceptum
288 584 319 640 in
348 585 458 656 proelio
482 585 629 642 fortiorem
653 603 728 652 esse,
751 586 799 660 qui
824 587 953 660 spoliet:
990 659 993 666 Δ

81 686 179 740 ‘nunc
212 685 250 740 ab
282 683 399 757 ignavis
428 685 595 757 plerumque
622 689 652 741 et
683 685 840 742 inbellibus
876 686 954 760 eripi

81 782 210 850 ‘domoc
225 781 354 839 abstrahi
369 782 482 848 liberos,
497 783 611 857 iniungi
634 784 775 849 delectus,
800 791 952 858 tamquam

81 887 90 914 ⁶
106 881 179 940 mori
194 888 306 939 tautum
317 897 369 954 pro
383 882 476 954 patria
489 883 698 940 nescienllbm.
720 889 857 957 quantum
872 884 955 942 enim

80 980 237 1038 ‘transisse
251 979 382 1050 militurn,
397 981 423 1038 si
447 999 511 1038 sese
536 981 670 1060 Britanni
695 979 870 1040 numerent?
904 982 951 1041 sic

81 1079 277 1138 ‘Germanias
290 1080 455 1136 excurrisse
470 1080 583 1154 iugum:
604 1088 634 1137 et
649 1073 774 1140 domine.
784 1097 842 1138 non
854 1081 949 1139 Ocea·

81 1184 145 1242 ⁸110,
159 1179 288 1235 delendi.
308 1179 365 1234 sibi
386 1179 518 1251 patriam,
543 1178 691 1251 coniuges,
713 1188 866 1252 parentes:
888 1181 952 1238 illia

82 1276 255 1334 ‘avaritiam
270 1283 299 1334 et
314 1278 459 1334 luxuriam
472 1293 590 1335 caussas
605 1281 675 1335 belli
686 1295 761 1335 esse.
776 1294 952 1349 recessuros,

82 1382 132 1434 ‘ut
154 1376 250 1433 Divus
272 1376 360 1432 lulius
376 1378 552 1444 recessisset,
566 1379 653 1435 modo
666 1377 787 1434 virtuter
807 1379 951 1437 malorum

81 1481 214 1533 ‘suorum
229 1478 448 1534 aemularentur.
490 1477 518 1533 N
522 1495 578 1533 eve
593 1477 697 1550 proelii
711 1477 795 1534 unius
808 1485 857 1534 ant
878 1479 952 1534 alte·

80 1575 161 1632 ‘rius
188 1581 297 1632 eventu
332 1580 533 1648 pavescerent.
568 1577 632 1648 plus
659 1577 784 1650 inpetus,
809 1577 952 1636 maiorem

80 1675 302 1740 ‘constantiam
314 1691 403 1747 penes
421 1675 539 1731 miseros
553 1691 627 1731 esse.
669 1677 731 1733 lam
745 1675 952 1734 Britannorum

81 1774 187 1830 ‘etiarn
204 1775 283 1830 Deos
295 1774 434 1840 misereri,
453 1775 501 1849 qui
521 1773 685 1832 Romanum
711 1776 823 1831 Ducem
847 1779 954 1833 absen-

82 1876 166 1940 ‘leun
180 1874 229 1947 qui
244 1875 402 1947 relegatum
417 1875 447 1931 in
463 1874 521 1930 alia
536 1875 630 1930 insula
644 1873 814 1940 exercitum,
836 1875 952 1932 detine·

80 1978 180 2030 ‘rentr
201 1973 259 2030 ism
274 1975 361 2046 ipsos,
375 1975 449 2048 quod
461 1972 765 2041 difficillimumluerit,
776 1975 951 2031 deliberare.

80 2077 182 2146 ‘porro
195 2073 226 2130 in
250 2073 391 2129 eiusmodi
413 2073 545 2130 consiliis
567 2072 755 2146 periculosius
770 2089 834 2130 esse
848 2075 952 2147 depre-

80 2171 198 2238 ‘lsendi
211 2188 296 2245 quam
310 2164 435 2228 audere.'

29 2264 69 2322 lo
120 2269 176 2328 llis
209 2275 295 2344 atque
322 2270 428 2326 talibus
460 2269 591 2327 invicem
617 2268 760 2335 instincti,
789 2267 951 2340 Boudicca,

80 2369 195 2445 generis
224 2371 309 2442 Regii
337 2370 454 2434 semina,
476 2369 561 2426 Duce
593 2365 701 2446 (neque
735 2368 813 2426 enirn
844 2352 951 2427 sexum

80 2469 112 2527 in
133 2467 263 2541 imperiis
284 2464 468 2545 discernunt)
488 2485 635 2538 sumpsere
660 2467 790 2526 universi
815 2471 949 2526 bellum:

81 2585 117 2626 ac
137 2585 250 2640 sparsos
285 2586 335 2640 per
362 2569 484 2624 castella
515 2567 623 2622 milites
643 2567 815 2632 consectati,
838 2575 952 2642 expsug'·

81 2668 158 2726 natis
180 2667 339 2738 praesidiis,
360 2667 452 2738 ipsam
473 2667 618 2722 coloniam
635 2666 777 2734 invasere,
798 2672 828 2726 ut
848 2669 950 2724 sedem

82 2766 239 2824 servitulis.
269 2783 324 2822 nec
352 2768 441 2822 ullum
471 2764 502 2821 in
532 2764 659 2822 barbaris
685 2765 829 2820 saevitiae
856 2783 950 2839 genua

81 2865 178 2924 omisit
206 2865 247 2922 ira
275 2872 306 2923 et
335 2864 467 2922 victoria.
510 2864 593 2934 Quod
624 2863 680 2920 nisi
703 2863 861 2928 Paullinus,
882 2883 951 2940 cog·

81 2965 144 3022 uilo
165 2964 335 3037 provinciae
364 2969 453 3029 motu,
476 2981 596 3035 propere
623 2963 816 3032 subvenisset,
841 2964 950 3022 amissa

113 3137 241 3184 Excussisse
251 3137 346 3198 jugum]
378 3136 479 3184 Variana
494 3137 573 3196 slade5
593 3138 622 3184 de
637 3152 681 3199 qua
698 3137 782 3186 dictum
799 3152 867 3200 saepe
882 3153 952 3200 supra

83 3199 164 3245 Annal.
180 3197 296 3244 letXlll.

111 3275 260 3337 Etfiumlns]
293 3275 374 3322 Rheno
384 3290 410 3321 ac
421 3275 533 3323 Danubio.

111 3356 229 3417 Boudicca]
261 3355 375 3402 lcenorum
398 3354 481 3414 regina,
506 3354 598 3401 laudata
617 3355 781 3414 supraAnnal.
799 3355 950 3404 illuster

82 3429 184 3552 Ιεἳριαπι
194 3494 309 3556 munium]
341 3493 520 3542 Camulodunum
530 3507 536 3549 ;
552 3495 577 3538 ul
587 3505 652 3553 supra
661 3506 710 3553 cap.
723 3494 757 3538 ll.
