2062 3824
399 243 480 292 sss.
512 223 564 294 16.
594 223 650 292 17.
879 227 949 297 127

79 405 121 456 tou
149 415 244 458 sunus
257 398 403 458 iuteresse
431 399 509 458 inter
530 405 657 458 austrum
685 402 716 458 et
740 397 951 462 Demosthenis

77 506 214 558 aetatem.
236 502 313 576 quoti
326 499 451 573 spatium
478 499 622 572 temporis,
643 499 668 556 si
690 500 728 556 ud
752 499 951 562 infirmitatem

78 615 231 672 amporam
257 605 420 657 nostrorum
444 599 560 666 reterns,
579 598 699 656 lortssse
721 603 837 674 longum
855 601 952 660 videa·

78 701 142 768 inr3
161 700 187 756 si
200 701 238 756 ad
254 706 388 758 naturam
408 701 589 756 saeculorum
604 708 633 755 et
649 681 810 771 respectum
825 699 952 760 inmensi

79 797 164 856 huius
176 799 256 866 aevi,
272 815 409 872 perquam
424 800 514 854 breve
529 804 559 854 et
575 798 604 854 in
628 799 762 871 proximo
775 808 829 856 est.
874 801 951 857 Nam

79 897 114 964 si,
128 906 158 954 ut
173 899 284 956 Cicero
298 899 328 954 in
345 897 502 954 Hortensio
523 896 633 964 scribit,
655 897 700 952 ‘is
714 905 758 954 est
780 915 900 972 maguus
920 902 952 956 et

80 1001 181 1054 ‘verus
195 1016 301 1062 annus,
326 1015 383 1071 quo
410 998 513 1054 earlem
539 997 645 1070 positio
660 995 737 1054 coeli
758 997 950 1072 siderumque,

79 1101 167 1172 ‘quae
188 1117 259 1157 eum
280 1098 407 1156 maxime
422 1107 475 1161 est,
490 1115 599 1154 rursum
614 1096 745 1162 exsistet,
761 1097 841 1171 isque
857 1112 950 1154 annus

81 1198 210 1264 ‘horum
225 1216 296 1272 quos
312 1216 363 1252 uns
377 1214 524 1262 vocamus,
546 1213 686 1252 annorum
708 1196 861 1252 ‹luadeaim
887 1195 950 1254 mil·

79 1300 88 1328 ‘
101 1297 137 1352 lia
147 1305 360 1370 nongentorum
372 1295 580 1370 quinquaginta
592 1301 712 1368 quatuor
722 1291 950 1366 complectitur3’

81 1393 183 1467 insipit
209 1396 425 1452 Demosthenes
456 1402 562 1456 vester,
586 1411 669 1468 quem
686 1411 737 1449 vos
768 1405 896 1450 veterem
919 1397 949 1452 ei

81 1496 227 1568 antiquum
244 1494 360 1567 lingitis,
383 1511 440 1550 nun
464 1497 556 1550 sotum
580 1494 683 1550 sortem
708 1509 793 1560 annu,
808 1511 864 1568 quo
884 1509 949 1560 nos,

80 1595 127 1650 sen
141 1596 203 1650 lere
217 1595 322 1648 eodem
338 1610 436 1648 mense
451 1593 610 1647 exstitisse.

117 1694 174 1750 Seri
191 1699 309 1748 transeo
334 1692 370 1746 sd
398 1691 518 1768 Latinos
546 1697 684 1754 oratores,
710 1688 740 1745 in
766 1689 867 1762 quibus
889 1706 947 1746 uon
962 1691 1000 1754 17

82 1787 261 1855 Menenium,
276 1797 307 1846 ut
321 1797 400 1861 puto,
418 1791 587 1861 Agrippam,
598 1789 646 1861 qui
659 1793 753 1859 potest
770 1787 860 1843 virleri
876 1788 949 1846 anti·

81 1908 156 1963 quus,
172 1898 336 1948 nostrorum
353 1896 512 1960 temporum
524 1889 640 1944 ‹tisertis
650 1895 827 1958 anteponere
838 1887 951 1946 soletis:

81 1992 126 2046 sed
137 1991 317 2066 Cicerqnem
328 1999 356 2044 et
368 1990 522 2045 Caesarem
533 1997 560 2042 et
572 1987 707 2044 Coelium
727 1992 756 2042 et
778 1987 904 2044 Calvum
918 1991 949 2046 et

79 2087 198 2146 Brutum
219 2095 250 2144 st
269 2087 404 2145 Asinium
424 2095 451 2144 et
477 2087 645 2143 Messalam.
661 2103 731 2159 quos
759 2085 875 2159 quidem
895 2105 948 2168 ¹eur

79 2189 202 2263 antiquis
218 2186 395 2258 temporibus
409 2185 503 2260 potius
518 2185 699 2252 adscribatis,
718 2181 808 2258 ‘qnam
833 2187 947 2257 nostris,

78 2307 132 2350 sou
149 2293 250 2350 video.
273 2307 351 2357 uam,
370 2297 400 2346 ut
414 2292 451 2348 tle
476 2291 621 2348 Cicerone
636 2292 700 2361 ipso
720 2293 827 2364 loquar,
849 2291 947 2348 Hirtio
964 2327 967 2332 -

76 2445 218 2508 Olympiadis
228 2447 277 2493 213.
313 2445 343 2491 st
358 2453 457 2491 mortuus
474 2443 635 2491 Demosthenes
648 2443 721 2504 primo
737 2444 878 2504 Olympiadis
893 2447 945 2492 21⁴.

76 2505 188 2552 Numerus
203 2505 416 2551 rotunrlnssmorte
432 2504 589 2550 Demusthenis
605 2502 758 2563 quadringenti
774 2503 824 2550 anni
840 2505 947 2561 abuero,

77 2579 117 2626 qno
126 2567 211 2620 floruit,
222 2579 269 2611 aurs
277 2564 438 2619 multoplures,
449 2570 473 2609 nt
483 2563 515 2608 ait
528 2565 652 2609 Merserat.
683 2561 746 2618 Lipr.

102 2643 232 2692 museum
240 2642 315 2688 millia
330 2647 491 2700 nongentorum
500 2641 662 2702 quinquaginta
672 2641 776 2700 quaritur]
809 2642 885 2687 Annus
895 2653 945 2686 ver·

76 2703 235 2750 tenendarum
251 2701 356 2756 omniurn,
367 2701 404 2762 qui
421 2709 444 2746 at
459 2716 550 2760 magnus
565 2701 701 2754 Platonicus,
717 2714 743 2744 ex
762 2705 945 2747 astronomorum

78 2763 164 2810 ratione
173 2775 287 2808 annorum
296 2767 331 2807 est
340 2763 418 2810 25920.

104 2841 242 2902 Agrippum]
275 2839 394 2886 Menenius
415 2838 515 2899 Agrippa
533 2837 633 2897 lassulus
649 2826 784 2884 eossul'init
801 2851 860 2884 euno
877 2837 945 2886 Urb'n

78 2902 179 2950 aditae
189 2905 244 2955 25¹,
254 2905 307 2946 ante
315 2900 430 2946 Christum
441 2901 491 2946 ⁵03.

102 2979 232 3041 samum]
261 2978 347 3024 lulium
357 2978 485 3032 Caesarem,
497 2976 645 3024 Dietstmem.

104 3059 216 3118 muttum]
250 3055 276 3100 Μ
281 3092 285 3101 .
297 3055 401 3103 Coelium
413 3057 502 3112 linium,
517 3055 578 3114 nujus
592 3061 670 3102 estant
685 3054 801 3116 Epistolse
813 3054 871 3102 inter
880 3055 944 3102 (sire-

78 3119 185 3173 santanae,
198 3116 249 3163 bib.
262 3115 325 3162 Vlll.
336 3116 366 3161 stl
377 3115 515 3161 Familiares.

105 3195 212 3257 Crrluum]
243 3193 389 3240 officiatus
399 3195 479 3240 Macer
495 3195 578 3240 Calvus
588 3194 630 3239 stu
639 3207 689 3240 cum
709 3193 815 3239 Cicerone
828 3193 942 3252 iniquita·-

78 3271 132 3302 errm
141 3257 205 3302 litem
214 3254 242 3300 de
250 3253 377 3311 principatu
386 3253 519 3312 depuratius
528 3253 612 3306 habuit,
624 3261 648 3298 nt
659 3258 753 3297 testatur
763 3253 854 3296 Seneca.
877 3253 943 3297 Illum

77 3315 149 3361 laudat
168 3313 258 3368 Cicero,
278 3314 307 3358 de
324 3313 399 3359 claris
418 3312 558 3365 Oratoribus,
579 3327 627 3370 cap.
648 3314 684 3356 82.
715 3309 857 3354 sanctitatem
877 3309 945 3362 Calui

80 3375 174 3421 celebrat
185 3371 346 3428 Quintilianus,
357 3371 413 3418 Iasi.
425 3371 490 3417 Orat.
499 3371 553 3416 Xll.
567 3373 601 3416 10,

105 3451 215 3512 Brutum]
247 3451 284 3497 M.
294 3451 385 3497 iunium
397 3449 497 3503 Brutum,
507 3445 611 3492 Caesaris
621 3441 796 3488 interfectorem.

13 3555 14 3580 t
103 3527 446 3586 munumentum]
478 3523 584 3572 innuli.
596 3519 685 3564 Gdlll.
