2096 3840
83 225 132 292 44
296 244 519 296 canonista
539 229 754 307 sequanina

83 397 217 474 nodoque
237 400 441 474 substringere.
484 401 536 460 Sic
557 400 651 458 Saevi
676 399 960 462 acetarietiermc·

83 494 139 564 nia,
173 497 216 554 sic
252 500 414 558 Suanorum
444 499 565 574 ingenui
597 516 616 555 a
638 500 742 566 servia,
777 506 961 572 separantur.

84 595 121 654 ln
135 596 201 654 aliia
223 599 368 672 gentiunt,
386 617 439 656 seu
459 598 635 673 cognatione
659 597 757 671 aliqua
780 596 963 670 Succorum,

84 694 135 752 seir
155 691 245 772 (quoti
269 713 357 772 saepe
385 694 508 772 accidit)
531 697 703 763 imitatione,
729 712 832 763 rarum,
853 705 883 754 et
911 695 960 754 in-

84 799 128 854 tra
150 797 287 854 iuventae
301 797 442 870 spatium3
461 795 537 868 apud
560 797 683 860 Suevos,
705 795 845 868 usquead
869 795 954 852 oani-

83 893 163 959 tiem,
185 895 350 952 horrentem
363 894 502 966 capitium
524 900 600 950 retro
623 901 789 968 sequuntur,
803 909 839 950 ac
864 909 958 966 saepe
1011 904 1017 910 ’

4 1041 5 1064 ,
82 989 114 1050 in
147 995 211 1050 acto
242 993 353 1050 vertice
377 992 509 1066 religant.
571 991 724 1064 Principes
765 997 795 1048 et
829 971 964 1048 ornatio·

83 1105 145 1146 rem
166 1091 282 1148 habent.
303 1108 339 1146 ea
358 1107 427 1148 cura
448 1090 565 1156 turmae,
597 1085 649 1146 sed
676 1087 807 1146 innoxia.
849 1089 962 1162 Neque

85 1188 164 1245 enim
186 1196 216 1244 ut
236 1195 335 1246 ament
348 1197 521 1246 amenturve
533 1206 542 1258 ς
556 1190 587 1244 in
601 1187 787 1244 altitudinem
807 1188 958 1260 quandam

84 1289 115 1342 et
135 1292 281 1357 terrorem,
300 1287 406 1346 adituri
419 1289 512 1356 nella,
539 1284 658 1359 compti,
680 1291 711 1343 ut
732 1287 858 1342 hostium
885 1281 961 1344 ocia·¹

83 1382 131 1450 lis,
145 1393 292 1442 ornantur.
370 1385 372 1390 '

30 1461 72 1521 39
125 1480 335 1540 Vetustissimos
345 1500 375 1540 ac
393 1480 633 1558 nobilissimosque
659 1481 810 1540 Sacrorum
832 1484 962 1541 Samni>

83 1597 138 1638 nes
159 1589 328 1639 memorant.
370 1583 459 1638 Fides
493 1580 674 1655 antiquitatis
699 1581 840 1654 religione
861 1581 960 1640 firma·

85 1683 139 1738 tur.
183 1681 268 1737 Statu
289 1690 417 1754 tempore
438 1683 468 1736 in
493 1681 609 1748 silvam,
629 1680 755 1754 auguriis
780 1687 893 1752 patrum
924 1685 965 1740 et
992 1751 993 1754 Ἴ

83 1779 179 1852 prisca
200 1778 352 1836 tormidine
386 1797 514 1850 sacram,¹
529 1795 630 1836 omnes
652 1779 782 1835 eiusdem
804 1779 964 1860 sanguinis

84 1878 185 1950 populi
200 1879 392 1952 legationibus
405 1886 522 1935 coeunt.
543 1895 686 1950 caesoque
714 1877 831 1948 publice
861 1877 964 1936 homi·

83 1993 121 2032 ne
156 1979 307 2034 celebrant
342 1978 454 2034 barbari
487 1978 558 2033 ritus
595 1976 739 2032 horrentia
787 1975 959 2050 primordia.

82 2072 136 2132 Est
158 2083 188 2132 et
221 2077 279 2134 ntia
302 2079 367 2133 luco
394 2077 569 2132 reverentia.
624 2075 721 2130 Nemo
752 2074 808 2130 nisi
830 2074 959 2130 vinculo

82 2171 189 2246 ligatus
211 2173 379 2248 ingreditur,
394 2181 423 2230 ut
447 2175 550 2239 minor,
570 2180 599 2229 et
621 2179 795 2246 potestatem
816 2172 971 2230 Numinia'
1028 2211 1035 2231 .

37 2333 48 2349 ·
81 2287 151 2344 prae
176 2290 207 2327 se
238 2273 343 2329 terens.
376 2290 402 2329 al
435 2273 507 2328 torte
543 2275 691 2344 prolapsus
726 2281 779 2338 eat,
800 2271 902 2328 adtolli
923 2277 960 2330 et

81 2367 230 2444 insurgere
241 2374 315 2429 haunt
330 2373 451 2429 licitum.
464 2373 641 2444 perhumana
653 2372 845 2428 evolvuntur:
861 2387 962 2443 eoque

82 2474 177 2531 Omnis
191 2470 357 2544 superstitio
370 2471 498 2542 respicit,
519 2469 664 2544 tamquam
686 2471 754 2526 indo
769 2471 853 2528 initia
881 2487 960 2542 gene

39 2595 42 2602 ’
83 2573 130 2639 tis,
151 2572 350 2642 ibi'regnator
369 2573 498 2650 omnium
523 2569 614 2633 Deus,
646 2575 744 2626 cetera
765 2571 897 2626 subiecta
913 2573 964 2626 at-

84 2689 139 2748 que
175 2669 314 2742 parantia.
365 2669 479 2726 Adlicit
507 2668 710 2724 austeritatem
736 2668 849 2736 lortqna
871 2668 962 2725 Sem-

113 2825 230 2871 Ssmnonas
273 2823 396 2926 Utramqqe
405 2821 498 2874 Viadri,
511 2821 558 2867 rte
567 2821 635 2875 Odor,
651 2820 668 2866 r'
686 2835 797 2872 amnone
810 2819 898 2876 portu*
908 2819 959 2868 Po-

74 2899 192 2937 ¹arternum,
245 2881 279 2927 tiu
295 2881 359 2928 Marc
387 2882 414 2938 qs
425 2881 649 2936 Bracmanum
701 2879 765 2932 aona,
781 2886 874 2926 tenuere
889 2879 957 2926 Sena-

84 2958 159 2992 nones.
191 2941 298 2988 Veterem
318 2941 450 2986 Semnonum
472 2939 564 2996 gloriam
589 2939 654 2984 laclia
672 2937 714 2984 aeli
732 2946 802 2998 tuque
823 2937 966 2996 illustravit,

27 3007 30 3014 '
83 3002 196 3061 magisque
208 3014 233 3044 ac
243 3001 311 3056 magis
321 3001 345 3043 in
354 2993 401 3043 dies
416 2998 513 3042 illustrat
525 2995 654 3041 i'rederiaus
667 2997 706 3042 tlt.
715 2953 820 3042 {russiae
831 3011 876 3044 rex.
886 3010 959 3058 quem

84 3062 218 3121 appellasse,
235 3057 386 3102 latrinam-est.
417 3055 607 3103 Viitethoiraa
619 3069 677 3112 pour
691 3053 959 3102 remrnlrliisiatrarta
1042 3087 1043 3090 =

84 3122 107 3167 lo
118 3119 205 3165 Maisan
214 3118 240 3162 da
253 3115 422 3173 Brnndebonrg,
432 3129 475 3174 pag
494 3117 544 3161 292.

113 3197 227 3254 Regnator
236 3193 336 3240 omnium
346 3193 409 3253 deas]
441 3192 505 3238 Haec
519 3197 553 3238 est
568 3192 640 3252 prima
654 3191 768 3238 homiuum
780 3191 840 3245 tidea,
856 3191 958 3238 Brousi-
1042 3191 1043 3194 ’

84 3270 128 3302 rna
142 3259 244 3300 Ouarou
264 3252 333 3304 Dios,
350 3252 384 3296 cui
401 3257 477 3297 cetera
495 3250 592 3308 subjecta
608 3258 658 3297 sunt
674 3259 743 3310 atque
773 3251 866 3296 arentia.
901 3251 965 3300 tium

83 3314 209 3372 antiquiora
219 3316 268 3358 sunt
278 3317 300 3354 et
311 3309 431 3355 sinceriora
441 3308 537 3364 gentium
548 3314 697 3362 monumenta,
705 3323 733 3354 ec
741 3265 848 3354 ilfusrrior
858 3308 957 3366 effulget

83 3369 207 3418 divinitatis
217 3371 339 3420 veneratio,
357 3369 454 3414 maxime
470 3367 528 3428 aprrd
549 3368 652 3426 Scythas,
669 3381 761 3426 quorum
776 3381 877 3428 propago
886 3371 960 3414 erana

83 3429 197 3475 Germani.
234 3431 262 3473 nt
277 3441 290 3470 a
307 3439 363 3486 puro
379 3427 518 3488 simplicique
537 3426 598 3471 cultu
622 3426 655 3470 ita
674 3427 864 3482 degesremverant
889 3429 958 3471 Senia

82 3502 159 3543 norrea,
170 3492 196 3532 ut
205 3495 227 3530 et
237 3492 324 3531 serrato
333 3485 411 3547 silvae,
426 3487 508 3548 dequo
519 3484 567 3542 jam
577 3497 642 3542 supra
651 3497 699 3544 cap.
710 3487 732 3530 9.
744 3487 767 3532 at
777 3497 843 3531 caeso
852 3483 962 3543 maine,
1042 3513 1043 3524 η

83 3545 178 3594 tertiare
186 3543 345 3608 supplicarent.
1042 3545 1043 3552 ¹
