2096 3840
95 247 142 314 34
291 263 338 312 on
363 261 523 313 noaravs
549 261 763 312 nnananmn

41 407 82 470 27
135 419 281 477 Funerum
296 421 376 476 nulla
399 417 530 475 ambitio.
558 419 589 476 id
610 421 703 476 solnm
724 419 908 486 observatur,
936 424 972 478 ut

93 533 213 590 oornora
239 521 382 575 clarorum
407 519 534 576 virorum
561 518 650 575 sertis
679 518 766 591 ligula
787 525 969 578 crementur.

94 617 209 676 Struem
224 617 286 690 rogi
308 635 363 674 neo
386 617 525 681 restibus,
544 634 601 674 nee
628 617 774 682 odoribus,
802 621 967 675 cumulant.

93 717 264 791 turonique
279 733 369 783 arma,
388 717 568 790 quorundam
583 715 689 791 igniet
703 734 794 790 equus
819 717 968 775 adiicitur.

94 815 265 886 Sepulcrum
292 833 395 888 eesues
418 815 515 890 erigit.
566 815 823 872 Monumentorum
843 819 966 874 arduum

92 918 123 972 et
137 932 288 986 operosum
313 916 461 980 honorem,
476 920 506 970 ut
530 930 650 987 gravem
671 913 825 976 detunotis,
849 916 968 988 adsper-

92 1018 207 1070 nantur.
247 1015 391 1070 Lamenta
404 1030 440 1069 ae
455 1012 589 1068 lacrimas
603 1012 675 1077 oitn,
702 1013 831 1071 dolorem
856 1021 885 1069 et
902 1015 967 1071 tris·

93 1110 187 1168 titium
202 1113 283 1168 tarde
298 1117 417 1184 ponunt.
458 1110 591 1168 Feminis
611 1113 708 1185 lugere
733 1112 888 1169 honestum
901 1118 964 1183 est3

94 1209 165 1268 viris
193 1210 370 1268 meminisse.

128 1308 212 1366 Haeo
224 1308 420 1366 incommune
433 1309 470 1364 de
481 1306 609 1366 omnium
622 1307 834 1366 Germanorum
848 1309 964 1384 origine

92 1423 130 1464 an
154 1406 279 1464 moribus
305 1407 481 1480 aenepImus.
511 1423 588 1464 nuno
614 1407 790 1480 singularum
828 1410 962 1482 gentium

93 1507 227 1565 Instituta
251 1507 386 1581 utusque,
409 1505 708 1580 qrratenustlifferant,
728 1523 802 1581 quae
827 1508 963 1567 nationes

93 1605 284 1688 aldermania
298 1605 329 1663 in
355 1605 469 1662 Gallias
495 1605 762 1679 commigraverint,
795 1609 965 1679 expediam.

91 1781 193 1828 autumni
212 1782 296 1828 tructus
315 1781 377 1827 novit
397 1779 530 1828 Germania:
546 1785 622 1826 manet
641 1783 716 1826 tamen
737 1781 820 1828 veteris
839 1781 964 1828 memoriae

92 1847 274 1887 monumentume
291 1855 362 1902 neque
372 1839 442 1886 ullum
452 1841 525 1884 adhue
544 1853 624 1884 nomen
641 1839 740 1885 autumni
758 1841 887 1902 proprium:
903 1855 966 1886 com·

92 1901 153 1946 muni
164 1901 272 1948 vocabulo
281 1901 408 1961 appellatur
418 1898 508 1948 Herdrt.
520 1898 543 1943 id
553 1903 587 1943 est
599 1899 681 1954 messis,
692 1913 756 1958 quam
774 1914 839 1946 unam
852 1903 963 1946 noverant

90 1967 179 2004 veteres
198 1959 315 2006 Germani.
346 1957 443 2005 Videtur
463 1964 537 2003 autem
556 1955 639 2017 primos
653 1958 782 2003 mortalium
801 1959 856 2005 tinas
873 1963 963 2006 tuntum

91 2018 143 2064 anni
154 2023 199 2063 tem
216 2023 307 2072 estates,
317 2022 424 2064 aertatem
434 2020 458 2061 et
473 2016 575 2069 hiemem,
587 2015 723 2062 observasse.
758 2018 823 2063 llnde
844 2017 923 2064 Moser
939 2017 963 2064 in

90 2075 173 2123 Genesi
198 2033 314 2124 1111122.
347 2078 424 2121 Aratus
444 2079 464 2120 rt
485 2075 561 2124 dieras.
576 2088 622 2120 noa
636 2079 657 2120 et
678 2076 732 2122 utu.
763 2076 852 2124 Deinde
867 2086 921 2133 tren,
938 2091 966 2123 aa

90 2135 178 2182 demum
188 2140 284 2197 quatuor
291 2135 343 2180 anni
350 2139 497 2194 tempestates
506 2133 633 2179 distinxere.

120 2213 196 2262 Natta
212 2213 311 2275 ambitio]
342 2213 430 2258 Contra
447 2212 509 2273 apud
529 2213 644 2258 Romanor
665 2213 768 2261 maxima.
800 2214 827 2261 (1.
848 2213 963 2261 Caecilius

89 2282 198 2330 Claudius
214 2283 311 2330 Isidorus
319 2281 433 2341 funerari
448 2297 470 2328 re
480 2281 551 2340 jussit
569 2273 634 2332 ιιιῖι
652 2279 754 2328 Gallicae
772 2285 875 2328 monetae
898 2280 963 2326 tibris

89 2344 192 2392 2I3.984.
225 2341 316 2397 Pttntue,
327 2341 439 2389 XXXIII.
452 2343 485 2389 tu.
517 2341 581 2388 Haec
589 2344 663 2390 adhue
680 2341 762 2402 privati
771 2341 857 2395 lunera,
868 2345 892 2385 et
909 2345 966 2386 ante

91 2400 178 2462 Imperii
188 2401 270 2447 luxum.
305 2403 336 2447 nt
344 2399 412 2456 periti
428 2414 506 2445 renum
523 2407 649 2449 asseverant
660 2400 767 2470 Arabiam
782 2414 826 2468 non
835 2399 904 2454 serre
912 2403 964 2444 tan-

90 2459 404 2565 tultum*
427 2457 833 2565 rI'IIII'I‘IWIW‘m'MI
848 2457 966 2514 'Imm‘

119 2595 254 2656 Cumulont]
287 2595 320 2642 Ut
336 2609 383 2641 mos
399 2594 442 2641 luit
457 2596 515 2656 apud
534 2597 656 2652 Romnum,
689 2597 711 2642 ui
724 2595 843 2642 'Irruebrem
859 2585 962 2641 orientia

89 2654 275 2714 magnificentiam
294 2653 400 2700 aemulati
418 2658 474 2700 sunt.
508 2655 547 2701 Sic
565 2656 708 2703 Corneliam
727 2653 840 2702 funeribus
856 2653 962 2714 Pomfnit

89 2715 171 2774 Magni
181 2715 241 2776 apud
251 2713 364 2760 Lucanum
376 2711 416 2760 IX.
434 2716 482 2760 175.
529 2755 531 2760 .

204 2791 304 2849 Collegit
313 2796 394 2846 vester,
405 2790 524 2852 mIserique
533 2791 626 2853 insignis
636 2793 726 2851 Magni.

206 2853 320 2911 Armaque
329 2857 352 2896 et
362 2850 479 2911 impressas
489 2865 551 2905 auro.
563 2867 616 2912 quar
626 2857 724 2912 gesserat
733 2851 788 2899 olinr

206 2909 314 2964 natutae,
326 2908 440 2970 pictasque
452 2915 522 2968 togas,
534 2912 643 2957 velamina
652 2925 738 2957 summo

206 2969 254 3015 Ter
262 2973 379 3028 conspecta
389 2967 449 3025 tovi,
460 2968 590 3030 Ionemoque
600 2969 677 3018 Intulit
687 2970 740 3028 igni.

118 3049 199 3108 Equus
216 3047 357 3150 ιιιὶρἰείίιινίὶἫ
375 3046 449 3092 stetu
464 3048 566 3108 repulere
582 3047 712 3103 childerici
729 3046 868 3093 Francorum
891 3046 964 3106 regis,

88 3115 449 3234 IIP‘mIIatJuIlhIrIXea'praeterea.
466 3165 600 3226 Italerneque
617 3181 715 3212 aureae:
739 3179 796 3226 quae
812 3179 888 3234 .⁰¹¹¹⁰¹.'‘¹
905 3165 962 3212 vine

88 3224 147 3284 apud
157 3223 258 3269 eruditos
269 3223 334 3268 toan.
346 3222 395 3267 Jas.
406 3179 549 3278 ClnIleIIum
568 3225 683 3270 Anastnrs'r
692 3223 817 3271 cantuaria
826 3237 894 3280 regn,
923 3237 961 3282 ag.

87 3285 124 3336 96,
135 3285 186 3336 219,
196 3287 220 3327 et
232 3295 277 3341 aeq.
289 3295 316 3326 aa
326 3281 481 3338 Montanum,
490 3283 520 3328 les
531 3281 675 3330 Monummts
684 3284 738 3329 dein
750 3281 880 3328 neaman
907 3296 966 3328 ron-

87 3341 215 3394 rrir‚'l'om.
236 3341 252 3386 l.
270 3353 319 3399 pag.
342 3341 375 3386 tu.
390 3343 414 3383 et
423 3353 469 3400 req.
504 3342 556 3387 Pars
565 3355 645 3400 magna
655 3343 727 3388 adhue
737 3347 813 3386 exstat
823 3341 916 3386 Parisiis
937 3341 963 3387 ia

88 3397 276 3455 cimeltottegio.
309 3397 455 3454 Praeterjam
465 3406 588 3444 memorata
596 3414 718 3461 eorpusque
727 3398 861 3452 childerici,
869 3406 964 3460 reperta
993 3409 996 3414 '

87 3457 162 3504 adhue
181 3457 281 3502 calvaria
299 3470 350 3510 una,
370 3469 427 3516 quae
451 3458 510 3504 torte
528 3458 569 3504 luit
587 3459 633 3514 ejus
679 3458 767 3504 alsonis.
799 3457 836 3504 ste
852 3457 912 3504 enim
932 3459 965 3506 tle

90 3516 192 3581 Scythia,
202 3515 364 3568 Germanorum
374 3515 508 3575 auctoribus,
518 3517 594 3583 prodit
603 3515 652 3566 Her
683 3521 740 3576 otus,
752 3517 792 3567 tv.
803 3520 840 3567 71.

360 3119 417 3161 mea,
428 3105 533 3164 gladius.-
543 3107 657 3154 inventurn
667 3121 755 3168 qnoque
764 3106 816 3166 eqrti
826 3106 873 3174 ejus
881 3111 963 3164 caput,
