2062 3824
97 167 168 236 1³2
268 183 315 232 as
342 177 571 252 onnrotusvs
597 183 776 235 nrnsoavs

93 339 264 407 studiorum,
277 340 333 397 etsi
354 357 413 398 aon
427 339 594 407 instructus,
617 343 742 398 atcerte
761 340 887 400 imbutus
911 340 958 410 sit,

17 453 18 486 l
93 442 180 501 novis
193 445 225 496 et
251 439 405 514 exquisitis
419 441 603 514 eloquentiae
631 440 783 498 itineribus
809 459 882 513 opus
906 445 957 510 est,

93 558 146 615 psr
171 557 245 614 qaae
266 545 363 596 orator
389 539 537 596 fastidium
570 539 681 596 aurium
709 539 838 613 effugiet,
862 539 955 613 utique

93 641 234 714 spudeo·
259 639 379 702 iudices,
392 639 441 712 qui
462 637 492 694 vi
506 644 555 694 sut
578 647 734 711 potestate,
762 641 903 706 nonime
926 642 957 696 et

93 740 216 812 tegibus,
239 744 430 812 cognoscunt,
454 744 483 794 et
499 753 554 794 nec
578 737 726 810 accipiunt
748 744 887 811 tempora,
908 737 957 796 sed
1013 791 1014 800 ,

93 839 283 902 constituunt.
299 855 354 894 nee
364 839 595 909 exspectandum
607 838 716 894 habent
726 845 881 904 oratorem,
893 841 957 896 dom
1013 819 1014 842 ¹

93 937 138 996 illi
154 938 242 994 libeat
257 939 294 992 de
309 937 374 1008 ipso
388 937 505 1010 negotio
514 938 624 1002 dicere,
644 939 694 992 sed
708 955 798 1009 saepe
812 939 889 994 ultro
911 938 957 994 ad·
1013 921 1014 1004 ¹

94 1042 224 1103 monent,
239 1043 325 1110 atque
338 1036 399 1093 alio
416 1037 676 1110 transgredientem
689 1042 842 1106 revocant,
860 1044 891 1094 et
905 1037 956 1094 lea·
1013 1005 1014 1098 i

94 1136 188 1194 tiuare
199 1153 231 1192 se
245 1143 395 1192 testantur.

41 1225 83 1286 20
135 1235 208 1307 Quis
224 1251 300 1292 nunc
321 1235 395 1290 terat
408 1239 553 1290 oratorem
579 1235 617 1290 de
631 1234 798 1292 infirmitate
819 1234 961 1294 valetudi·
1013 1269 1014 1290 r

93 1335 140 1394 tris
154 1353 223 1392 suae
238 1331 440 1405 praesentem?
460 1333 555 1407 qualis
569 1338 636 1390 sunt
651 1334 710 1390 iere
725 1334 869 1406 principio
886 1332 957 1392 Gor·
1013 1319 1014 1372 ¹

94 1433 167 1491 vini.
210 1434 283 1505 Quis
296 1433 422 1507 quinque
434 1431 462 1488 in
478 1433 602 1488 Verrem
618 1432 705 1490 libms
717 1430 961 1505 exspectaverit?
1013 1411 1014 1490 i

95 1534 220 1605 Quisde
247 1532 426 1605 exceptione
440 1537 470 1588 et
497 1531 618 1588 formula
643 1534 820 1604 perpetietur
842 1533 896 1590 ills
922 1534 963 1590 in·

94 1647 195 1688 measa
211 1629 459 1702 comminandum
474 1645 526 1700 pro
553 1629 594 1686 lt.
616 1629 728 1693 Tullio,
752 1637 803 1686 eut
825 1631 866 1688 A.
890 1630 962 1688 (ise-
1013 1597 1014 1688 ¹

94 1729 164 1788 cina
182 1727 326 1806 legimus?
368 1728 531 1786 Praecurrit
546 1729 603 1784 hoc
618 1736 747 1802 tempore
762 1729 852 1788 iudex
868 1731 964 1788 diceu-

95 1835 166 1896 tem,
190 1836 230 1896 et,
259 1830 315 1887 nisi
330 1834 379 1886 aut
402 1845 487 1885 cursu
519 1835 760 1900 argumentorum,
785 1835 835 1886 aut
871 1833 965 1886 colore
1013 1855 1014 1906 p

94 1929 314 1995 sententiarum,
341 1933 391 1985 aut
429 1927 522 1986 nitore
556 1935 589 1983 et
617 1930 699 1984 cultu
733 1927 963 2000 descriptionum
1013 1913 1014 2004 ¹

95 2028 239 2088 invitatus
265 2033 296 2084 et
329 2033 485 2098 coemptus
519 2034 575 2095 est,
611 2033 762 2084 aversatur
802 2027 962 2086 dicentem.

95 2127 210 2198 Vulgus
231 2143 342 2200 quoque
370 2127 572 2184 adsistentium
600 2133 629 2183 et
656 2127 785 2183 adfluens
812 2134 844 2184 et
872 2145 963 2202 vagus
1013 2123 1014 2204 i

95 2228 209 2284 auditor
222 2225 357 2282 adsuevit
371 2225 429 2282 iarn
453 2226 573 2300 exigere
599 2227 740 2284 laetitiam
755 2232 784 2283 et
805 2229 964 2299 pulchritu·
1013 2205 1014 2278 ¹

95 2323 194 2382 dinem
208 2323 363 2393 orationis3
385 2342 439 2381 nec
455 2327 546 2396 magis
557 2325 661 2397 perfert
672 2325 702 2382 in
718 2325 835 2382 iudiciis
851 2327 963 2384 tristem
1013 2299 1014 2386 i

95 2429 126 2481 et
140 2424 278 2496 inpexam
293 2423 503 2497 antiquitatem,
523 2441 608 2498 quam
623 2423 648 2480 si
663 2424 725 2498 quis
739 2425 770 2480 in
785 2441 876 2482 scena
893 2427 964 2483 ilos·
1013 2409 1014 2480 ¹

95 2523 136 2582 eii
161 2531 209 2580 eut
225 2522 384 2596 Turpionis
411 2522 545 2580 Ambivii
573 2523 736 2595 exprimere
751 2529 850 2594 gestus
879 2524 962 2581 velit.

96 2624 160 2682 lam
186 2642 256 2679 vero
270 2623 403 2686 iuvenes,
430 2623 460 2678 in
477 2622 540 2694 ipse
559 2621 718 2678 studiorum
743 2623 850 2678 incude
866 2621 964 2695 positi,

96 2723 145 2798 qui
160 2722 304 2796 proiectus
331 2721 375 2779 sui
389 2738 492 2778 causes
512 2727 641 2776 oratores
661 2727 818 2789 sectantur,
847 2739 906 2778 non
921 2738 965 2779 so·
1013 2713 1014 2716 '

864 2827 878 2874 t

97 2896 187 2944 incurva
197 2901 262 2956 parte
271 2895 355 2942 dixisse
364 2894 465 2940 videtur:
482 2894 560 2952 magni
569 2895 653 2942 cortino
663 2894 748 2940 theatri.
780 2893 840 2940 Vide
850 2894 927 2952 etiam,
937 2911 966 2943 an

97 2969 141 3001 uon
156 2956 254 3001 assistere
269 2956 303 3000 nic
321 2953 411 3014 proprie
429 2954 458 2998 de
476 2953 565 2998 asseclis
584 2959 622 2999 aut
640 2953 769 2999 tentorium.
786 2953 824 3014 qui
840 2955 926 3000 oratori
941 2969 968 3002 ac
1013 2979 1014 2982 ¹

95 3015 254 3067 adinrreebant.
287 3016 320 3059 lta
335 3012 427 3058 statim:
449 3010 538 3066 Vulgus
551 3027 634 3070 quoque
648 3013 796 3059 assistentium
810 3017 830 3058 et
844 3014 968 3072 affluentel
1013 3043 1014 3054 r

96 3073 272 3128 sngutnuditor.
302 3069 421 3122 Distinpnit
432 3071 461 3114 eb
472 3070 572 3114 auditore
582 3071 675 3117 fortuito
684 3081 706 3116 et
717 3073 809 3117 incerto.
832 3071 894 3129 inps.
930 3073 968 3119 De
1013 3091 1014 3100 ¹

97 3143 174 3174 cordato
185 3130 270 3174 nullum
287 3128 340 3172 nritri
354 3127 451 3172 dubium.
484 3127 584 3185 Scaliger
593 3135 673 3176 'laureo
689 3133 717 3176 ad
730 3132 794 3176 tarr.
810 3131 835 3176 ir.
850 3133 875 3178 L.
891 3131 933 3187 Vl,
945 3135 967 3179 ³.

96 3188 250 3263 metaphoram
267 3186 302 3230 tric
313 3184 433 3239 adgnoscit,
447 3199 526 3288 Buram
542 3186 642 3232 feliciter.
674 3189 709 3234 Oi.
720 3204 738 3234 a.
751 3195 772 3236 tl.
784 3189 881 3236 Certim
892 3205 970 3237 serva·
1013 3209 1014 3212 ¹

94 3253 133 3293 rat
145 3245 197 3288 bru.
210 3253 233 3288 et
244 3243 305 3288 Brot.
318 3241 402 3288 Probet
412 3249 435 3288 et
468 3257 535 3289 ureau
545 3245 574 3289 de
585 3246 694 3292 Lamalle.

95 3320 271 3426 OEElaertanerlire
285 3319 413 3380 itineribus]
445 3321 544 3367 insolens
559 3328 643 3382 tropus,
659 3329 777 3370 excusatur
792 3333 870 3373 tamea
885 3328 969 3388 sltem,
1013 3363 1014 3366 η

123 3393 185 3424 rrnrr
198 3393 241 3422 uro.

127 3453 219 3500 Prodi.
233 3455 321 3516 Tullio]
353 3455 410 3502 Eam
421 3456 543 3504 orationem
553 3457 692 3517 deperditam
706 3461 781 3506 landet
794 3433 931 3515 Microbiu.
941 3467 972 3514 de
1013 3481 1014 3508 t

96 3512 234 3562 didetm
264 3514 346 3562 Graeci
355 3515 475 3576 latinique
484 3515 555 3565 verbi.
565 3531 616 3575 cap.
626 3517 656 3563 de
665 3523 732 3577 temp.
745 3520 854 3578 perdente.
902 3577 907 3584 ¹
1013 3537 1014 3562 l
