2096 3840
430 195 507 242 cnr.
533 173 654 243 6.-8.
921 171 965 242 tt

93 347 257 408 dotationis
269 352 357 423 atque
370 345 568 409 abundantiae
596 349 691 418 duxit,
706 348 747 406 uti
770 349 855 424 longe
875 351 971 408 atur·

96 449 170 516 uria,
204 448 249 506 ita
277 447 380 506 tumeo
409 448 531 522 propior.
592 449 673 507 'lum
693 451 845 508 electusa
873 449 971 508 Galba

96 551 133 606 ad
170 551 249 606 dona
270 550 445 620 templorum
470 549 715 621 recognoscenda,
745 548 971 623 ditlgentissima

98 648 317 720 conquisitione
352 646 432 712 tecit,
459 665 498 704 ne
527 648 609 705 cuins
637 647 755 706 atterius
787 648 971 723 saerilegium

96 747 289 819 Respublica,
312 763 399 822 quam
416 747 554 812 Neronis,
566 747 713 804 sensisset.

140 848 276 922 Sequens
291 863 386 914 annus
407 845 492 920 gravi
521 847 642 904 vulnere
655 845 784 903 animum
798 845 1000 922 domumquep

99 945 309 1030 siusladdinit.
330 963 397 1002 nam
424 945 527 1002 classis
554 944 733 1010 Othoniana,
749 944 871 1002 licenter
884 963 969 1020 vage,

98 1045 164 1104 dum
185 1045 362 1104 Intemelios
382 1044 533 1120 (Liguriae
556 1061 622 1118 pars
646 1041 705 1121 est)
725 1040 870 1102 hostiliter
883 1063 970 1118 popu·

98 1146 179 1209 laton
194 1152 323 1202 matrem
340 1144 499 1216 Agricolae
513 1144 544 1202 iu
560 1145 711 1217 praesidiis
725 1143 784 1200 suis
804 1142 968 1201 interiecit:

98 1247 278 1319 praediaque
297 1244 362 1314 ipsa
382 1248 412 1298 et
439 1260 572 1316 magnam
587 1243 753 1325 patrimonii
779 1251 890 1314 partem
902 1241 970 1300 diri·

31 1353 34 1362 *
98 1345 168 1417 pail,
187 1361 266 1418 quae
280 1359 385 1400 caussa
406 1343 505 1400 caedis
519 1343 622 1400 tuerat.
664 1345 756 1416 igitur
776 1344 812 1400 ad
827 1341 970 1398 solemnia
1036 1355 1037 1362 ¹

99 1443 216 1516 pietatis
231 1442 381 1516 proiectus
405 1443 552 1516 Agricola,
581 1443 684 1500 nuntio
697 1441 835 1500 adiectati
862 1441 970 1498 aVes·

11 1569 13 1604 l
98 1543 221 1616 pasiano
249 1542 372 1614 Imperii
397 1541 604 1614 deprehensus,
637 1559 672 1600 ac
700 1542 801 1598 statim
821 1541 850 1598 in
874 1545 969 1614 partes

11 1661 13 1722 ᾗ
99 1645 360 1716 transgressusest.
403 1641 492 1698 tuitio
513 1641 698 1714 Principatus
714 1657 749 1698 ac
770 1645 877 1698 statum
892 1639 970 1697 urbis

100 1737 260 1814 Mucianus
273 1741 404 1813 regebat,
424 1741 579 1796 admodum
607 1739 715 1796 iuvene
731 1740 913 1806 Domitiano,
936 1743 970 1796 et

12 1827 13 1904 ss
99 1857 137 1898 ex
158 1851 281 1913 paterna
296 1840 412 1898 fortuna
439 1846 551 1898 tantum
566 1839 717 1898 licentiam
733 1843 897 1911 usurpante.
939 1839 969 1896 It

96 1940 214 1998 rubeum
251 1940 289 1996 ad
325 1940 458 1996 detectus
479 1940 608 2012 agendus
640 1938 819 2012 Agricolam,
845 1937 970 2012 integre·

12 2091 13 2098 ,
98 2055 152 2114 que
166 2057 202 2096 ac
216 2044 336 2096 suenus
357 2045 514 2106 uersatum,
529 2037 688 2096 vicesimae
703 2036 822 2112 legioni,
837 2041 916 2094 tarde
932 2039 970 2096 ad

12 2187 13 2190 ,
98 2145 314 2196 sacramentum
337 2142 543 2212 transgressae,
565 2137 737 2210 praeposuit,
764 2137 814 2194 ubi
834 2137 971 2194 decessor

98 2237 240 2294 seditiose
267 2253 354 2310 agere
382 2239 568 2294 narrabatur:
589 2235 695 2310 quippe
716 2236 837 2310 Legatis
856 2253 969 2312 quoque

97 2335 308 2394 consularibus
323 2335 413 2392 nimia
427 2353 463 2392 uc
477 2335 662 2392 formidolosa
676 2341 747 2392 erat.
789 2335 856 2392 Nec
876 2335 969 2410 Legu-

95 2437 141 2493 tus
170 2433 336 2492 Praetorius
371 2435 408 2491 ad
435 2435 631 2492 cohibendum
668 2440 780 2506 potens,
815 2435 968 2503 incertum,

93 2551 199 2590 suoan
221 2531 346 2590 militum
371 2532 510 2608 ingenio:
530 2533 572 2590 ita
600 2550 750 2591 successor
764 2533 858 2602 simul,
883 2541 912 2592 et
928 2536 968 2592 ul·

94 2638 141 2690 ter
167 2635 290 2695 electus,
325 2632 468 2690 rarissima
496 2631 704 2699 moderatione,
740 2631 841 2690 maluit
873 2631 967 2690 videri

94 2730 247 2788 invenisse
270 2732 370 2799 bonos,
390 2731 603 2805 quam'tecisse.
658 2731 797 2788 Praeerat
817 2740 887 2790 tunc
905 2729 997 2790 Bri-8

54 2911 60 2926 .
124 2884 965 2947 emmanuet]i'uitannusUrbisoonditaencccxxu.ieruChristidti.

127 2963 250 3011 Vicerinrne
259 2964 350 3026 leffium]
383 2963 496 3010 Vicetinis
510 2964 570 3022 legio
584 2964 664 3010 victrix
678 2965 701 3011 in
718 2965 833 3013 Britannia
842 2965 901 3014 inter
911 2967 967 3013 Cor·

92 3023 172 3072 navim
181 3024 361 3069 annumerabatur
378 3023 463 3078 Deras,
479 3037 536 3070 nnnc
551 3023 646 3070 ctam.
679 3026 704 3072 ln
722 3025 840 3072 itinerario
852 3027 966 3083 Antonini,

94 3097 142 3144 pag.
156 3085 207 3130 tao.
221 3097 284 3128 nura
296 3097 347 3128 crs.
360 3097 402 3129 xx.
412 3097 520 3135 moratu,
536 3081 559 3128 id
574 3087 615 3140 est,
631 3083 799 3140 legemem
809 3085 898 3132 cicuta
932 3085 966 3134 ibi

94 3143 167 3188 aditur
183 3141 281 3200 plurima
297 3146 414 3201 supersunt
429 3141 570 3203 antiquitatis
586 3141 674 3190 rudera.
707 3143 767 3191 Vide
777 3145 889 3191 eruditum
899 3145 966 3192 Cam·

11 3231 13 3248 .
92 3200 146 3255 deu,
157 3199 291 3256 Britannia,
300 3215 349 3260 pag.
360 3201 410 3248 538.

125 3278 276 3326 Fermtdulosu
285 3280 342 3340 erut]
370 3278 501 3340 Strmrbiom
511 3291 565 3324 sane
574 3279 594 3322 ei
604 3279 733 3326 indiderunt
742 3282 832 3341 megia
842 3281 889 3339 siun
897 3281 965 3332 tacta.

12 3327 13 3360 ἢ
93 3337 133 3384 ne
143 3340 183 3383 troc
195 3339 283 3396 legione
293 3337 376 3384 dietum
386 3353 452 3398 stupra
462 3338 484 3383 io
496 3337 564 3382 Notis
578 3346 602 3382 et
613 3338 813 3386 Emendationibus
823 3341 852 3386 ad
862 3340 921 3386 uisu.
934 3343 964 3387 il.

90 3399 119 3442 6.
150 3397 334 3455 taegtoveesima
350 3397 443 3443 Valeria
458 3395 546 3442 Victrix
560 3397 583 3442 io
597 3398 712 3454 superiore
727 3395 850 3442 Britannia.
882 3398 907 3438 ln
918 3397 967 3438 Bri-

89 3456 170 3501 tannia
185 3455 281 3516 plurima
298 3461 388 3502 inauret
406 3456 453 3514 ejas
472 3458 625 3509 monomenta,
645 3467 703 3512 quae
720 3453 773 3496 vide
790 3451 852 3508 apud
868 3449 970 3493 eruditos

89 3514 203 3571 Camdeu,
213 3513 316 3574 (ioman,
327 3515 434 3572 lloruley,
442 3513 553 3572 aliosque.

11 3621 13 3696 ἑ
117 3613 190 3654 von.
215 3613 274 3654 ιιι.
521 3593 540 3644 6
