2062 3824
409 185 486 234 ore.
516 167 572 234 ll.
594 165 651 232 12.
855 165 961 262 lul·
1018 175 1019 190 ¹

83 341 203 418 agendis
218 341 333 400 efficere
347 339 455 414 aliquid
470 344 501 398 et
524 339 597 398 eniti
622 339 742 396 tortasse
764 354 890 412 possum,
910 338 953 398 itc

83 441 256 500 recitatione
282 439 494 514 tragoediarum
518 439 631 514 ingredi
657 439 763 496 lamam
785 441 974 514 auspicatus«

85 559 155 607 sum,
184 547 245 598 tum
273 540 400 614 quidem,
422 556 488 598 oum
513 541 542 596 in
571 539 689 596 Nerone
710 538 902 630 inprobatam,
922 545 953 597 et

84 640 241 708 studiorum
255 657 368 714 quoque
393 655 475 696 sacra
502 638 702 710 profanantem
724 639 840 698 Vatinii
855 643 953 712 poten·

87 739 154 797 iiam
181 738 274 812 iregi:
296 745 325 794 et
356 739 451 804 hodie,
476 737 501 794 si
525 737 593 812 quid
618 739 648 796 iu
674 733 757 796 nobis
780 738 904 796 notitiae
917 755 953 798 sc

88 838 211 896 nominis
226 846 281 904 est,
297 837 389 910 magis
406 837 528 894 arbitror
552 838 723 904 carminum,
743 854 829 911 quam
849 839 955 894 oratio·
974 841 979 849 '

88 954 163 1001 num,
177 936 270 1010 gloria
286 945 407 1009 partum.
429 953 465 994 ac
478 936 546 992 -iam
568 954 614 992 me
635 937 788 1010 seiungere
810 937 954 995 elorensi

86 1036 180 1092 labore
193 1034 347 1102 constitui,
361 1053 417 1092 nec
431 1037 590 1092 comitatus
605 1037 686 1102 istos,
707 1042 736 1092 et
751 1054 890 1110 egressus,
905 1041 955 1096 aut

88 1134 278 1220 imnentiarn
312 1135 518 1191 salutationum
551 1136 744 1208 concupisco:
777 1153 833 1194 non
863 1135 955 1212 magis

90 1251 170 1308 quarn
185 1251 255 1292 aera
267 1239 298 1289 et
313 1232 464 1307 imagines,
485 1251 558 1304 quae
582 1235 680 1299 etiam,
706 1251 752 1292 me
776 1238 903 1302 nolente,
925 1235 956 1292 in

90 1331 202 1390 domum
238 1349 334 1388 meam
368 1333 546 1404 inruperunt.
603 1333 680 1390 Nam
713 1341 819 1392 statum
855 1335 957 1392 hucus-

90 1449 143 1506 que
162 1449 198 1489 uc
220 1432 409 1488 securitatem
436 1421 539 1486 melius
570 1431 738 1488 innocentia
760 1439 851 1500 tueor,
871 1451 957 1507 quam

91 1531 265 1605 eloquentia,
297 1547 353 1586 nec
384 1548 495 1596 vereor,
528 1548 564 1586 ne
593 1530 665 1588 milri
698 1548 832 1608 umquam
868 1535 958 1589 verbu

91 1626 121 1686 in
151 1632 275 1696 Senatu,
295 1628 354 1686 nisi
385 1647 436 1704 pro
465 1630 584 1686 alterius
613 1630 793 1698 discrimine,
822 1630 959 1688 iacienda

91 1727 157 1786 sint.

131 1828 262 1887 Nemore
271 1843 353 1893 vero,
363 1831 393 1883 et
406 1825 473 1892 luci,
482 1831 510 1882 et
523 1832 666 1884 secretum
678 1826 781 1898 ipsum,
791 1827 867 1901 quod
879 1827 960 1902 Aper
972 1839 1011 1898 12

92 1915 271 1999 increpabat,
286 1931 396 1982 tantam
412 1926 484 1983 milri
496 1925 627 1982 adserunt
644 1928 832 1997 voluptatem,
844 1931 873 1984 ut
885 1925 961 1985 inter
982 1915 992 1998 i

91 2025 262 2100 praecipuos
276 2025 437 2082 carminum
463 2025 571 2082 fructus
587 2041 745 2090 numerem,
766 2027 840 2100 quod
857 2045 913 2084 nec
928 2027 961 2084 in
991 2003 993 2013 Ι

93 2124 224 2200 strepitu,
240 2141 296 2180 nec
312 2125 432 2180 sedente
448 2133 516 2180 ante
528 2125 632 2182 ostium
648 2125 802 2199 litigatore,
816 2144 871 2182 nec
886 2127 962 2184 inter
989 2182 991 2192 ,

93 2226 192 2282 sordes
207 2240 243 2278 ao
260 2223 394 2280 lacrimas
408 2241 520 2280 reorum
534 2232 765 2296 componunturr
785 2227 835 2282 sed
850 2226 963 2283 secedit
987 2221 1019 2303 “Υ«

95 2325 208 2382 animus
237 2323 269 2378 in
296 2323 360 2378 loca
389 2340 457 2395 pura
486 2330 572 2396 atque
599 2323 779 2391 innocentis,
806 2325 963 2400 fruiturque
991 2303 1019 2379 Ψ

95 2421 326 2480 sedibussacris.
369 2422 452 2480 Haec
463 2421 648 2496 eloquentiae
661 2423 824 2494 primordia,
833 2425 907 2482 haec
917 2442 964 2498 pe·
992 2401 994 2451 Ι

93 2521 237 2582 cetratis:
260 2522 316 2578 boc
328 2520 449 2593 primum
465 2521 565 2578 habitu
579 2525 715 2596 cultuque
725 2525 877 2603 commoda
892 2540 965 2580 mor·
991 2474 996 2554 ι

94 2623 210 2688 talibus,
224 2619 256 2678 iu
272 2620 322 2676 illa
337 2625 429 2683 casta,
441 2626 475 2677 et
496 2621 728 2678 nulliscontucta
745 2621 833 2688 vitiis,
848 2627 966 2700 pectora

94 2719 230 2778 inunxit:
265 2718 308 2775 sic
334 2721 451 2776 oracula
480 2721 676 2792 loquebantur.
727 2720 804 2776 Nam
833 2701 966 2778 lucrosae

12 2821 13 2824 ’
96 2819 181 2876 huius
192 2826 222 2874 et
231 2818 433 2889 sanguinantis
448 2818 630 2892 eloquentiae
646 2834 712 2873 usus
727 2835 828 2884 recens
842 2825 872 2902 et
884 2819 967 2876 malis

96 2917 226 2976 moribus
241 2923 334 2982 natus,
356 2923 451 2990 atque,
465 2924 495 2973 ut
510 2927 539 2973 tu
564 2917 693 2981 dicebas,
710 2918 799 2989 Aper,
819 2918 850 2974 in
873 2920 968 2976 locum

96 3020 151 3076 teli
165 3025 305 3092 repertus.
347 3017 484 3076 Ceterum
500 3019 571 3074 lelix
588 3017 668 3084 illud,
682 3026 721 3082 et,
736 3025 765 3074 ut
778 3035 856 3078 more
872 3027 969 3077 nostro

99 3171 270 3278 gemiturque
285 3171 374 3220 reditus
389 3171 468 3231 meris]
493 3172 509 3219 i.
520 3171 558 3218 ubi
574 3169 658 3219 Musae
674 3175 698 3218 et
717 3172 838 3246 Nymplme
858 3113 969 3220 habitant.

123 3247 160 3278 m·
222 3245 225 3248 .

128 3309 294 3368 sanguinantis
303 3310 444 3370 eloquentiae]
476 3307 575 3356 ercrssa
589 3310 645 3356 haec
655 3312 679 3353 et
693 3307 834 3364 sanguinaria
844 3307 973 3368 eloquentis

100 3373 136 3418 ter
144 3370 227 3416 millies
236 3369 365 3420 errentur
375 3369 447 3430 lipsio
456 3369 572 3418 Marcello
581 3366 726 3426 praestiterat
729 3381 739 3424 3
756 3371 782 3411 ut
790 3364 886 3410 vidimus
893 3379 941 3423 cap.
949 3365 970 3408 8.

140 3467 213 3510 rou.
234 3467 283 3510 ur.
562 3448 597 3498 ll
