2096 3840
58 231 106 303 26
255 253 302 302 nn
327 253 485 304 unarsvs
519 255 733 306 creauimus

57 409 349 466 saeculumvocstur.
381 408 489 468 Melius
516 410 632 484 quidem
661 412 757 468 adbuc
771 427 825 470 ese
853 413 932 472 civi·

58 511 142 574 tates,
162 506 307 582 inquibus
332 513 443 566 tanturn
460 509 588 582 virgines
611 510 732 574 nubunt,
746 516 857 570 etcum
873 530 929 585 spe

57 611 183 680 votoque
198 607 294 664 uxoris
309 609 399 664 semel
428 607 604 681 transigitur.
660 609 711 666 Sic
731 623 820 666 unum
847 610 930 668 acci·

58 705 141 779 piunt
168 705 310 772 maritum,
344 721 401 779 quo
428 707 514 762 modo
541 723 628 764 unum
653 723 757 780 corpus
781 726 929 782 urtumque

57 807 158 872 vitam,
172 825 216 865 ne
229 808 288 864 ulla
302 805 442 880 cogitatio
467 808 550 874 ultra,
565 824 603 862 ue
630 806 743 881 longior
769 809 932 880 cupiditas,

55 923 93 964 ne
108 911 253 980 tamquam
280 906 422 970 maritum,
448 906 500 962 scd
534 911 680 978 tamquam
701 905 931 974 matrimonium,

56 1009 162 1062 anteat.
204 1005 363 1061 Numerum
391 1003 544 1060 liberorum
565 1003 657 1070 finire,
677 1010 728 1060 aut
751 1021 939 1080 quemquem·

56 1123 94 1161 cx
122 1103 235 1177 agnatis
256 1119 371 1169 necare,
401 1101 542 1176 flagitium
569 1102 699 1160 habetur.
735 1105 856 1176 plusque
880 1103 927 1162 ibi

56 1201 125 1260 boni
147 1219 240 1259 mores
267 1203 377 1266 valent,
404 1217 490 1274 quom
514 1199 585 1256 alibi
613 1203 707 1258 bonne
732 1203 821 1275 leges.

2 1289 44 1347 2⁰
97 1301 133 1358 ln
143 1299 224 1358 omui
233 1301 319 1358 domo
331 1298 400 1356 nudi
411 1316 445 1354 ac
460 1297 578 1365 sordidi,
598 1298 629 1355 in
645 1299 697 1356 hos
706 1305 793 1367 artus,
804 1299 835 1356 in
847 1277 939 1359 liaeo¹

56 1418 187 1476 corpora,
208 1417 281 1474 quse
303 1399 447 1464 miramur,
465 1401 651 1454 excrescunt.
693 1399 752 1456 Sus
783 1411 929 1475 quemque

56 1505 149 1558 mater
160 1499 294 1556 uberibus
305 1498 367 1565 alit,
379 1514 434 1554 nec
443 1497 559 1554 ancillis
570 1514 606 1554 ac
618 1497 777 1556 nutricibus
788 1500 929 1574 delegan-

57 1605 112 1656 tur.
154 1597 315 1656 Dominum
340 1614 376 1655 ac
397 1596 617 1654 servumnullis
637 1596 819 1656 educationis
852 1599 929 1656 deli·
1005 1623 1009 1631 ·

85 1775 204 1823 Saeculum
218 1775 317 1836 suuntur]
348 1773 431 1822 Gravis
445 1777 469 1819 et
483 1776 549 1818 acuis
564 1771 682 1818 sententia.
714 1773 800 1819 Seneca
814 1771 929 1824 similiter.

22 1847 26 1860 ‘
57 1836 198 1883 Desinitcsss
209 1835 303 1886 remedio
313 1835 380 1888 brus.
391 1833 438 1887 arbi,
448 1832 613 1892 quaesumunt
622 1831 685 1887 uitia,
695 1846 766 1879 moras
775 1837 834 1880 sunt.
861 1831 928 1890 Lips.

88 1915 194 1973 Virgines
213 1914 312 1976 nubunt]
344 1913 429 1958 Contra
451 1925 507 1956 uero
525 1910 584 1970 apud
612 1909 725 1956 Romanos
749 1910 771 1956 in
794 1910 928 1960 immensam

56 1973 174 2080 hpffigffl,
183 1974 329 2080 tppbplpantur
344 1972 410 2030 leges.
441 1970 507 2020 Quod
524 1970 555 2014 de
570 1967 691 2016 Thelesina
705 1969 809 2016 adultera
824 1971 929 2032 queritur

172 2111 234 2158 Julia
243 2110 279 2156 lex
288 2106 376 2178 populis
385 2121 412 2152 ex
421 2120 473 2166 qus.
483 2105 597 2160 Faustinc.
607 2109 686 2153 cauete
695 2110 738 2163 cti,

206 2173 279 2228 Atque
288 2173 372 2213 antrsre
381 2166 458 2212 domos
470 2166 531 2222 jussa
541 2166 650 2226 pudicitia
659 2171 707 2211 est:

173 2230 221 2277 Aut
231 2228 310 2280 minus,
320 2231 360 2272 sut
367 2230 429 2270 certe
438 2231 481 2270 oon
508 2224 541 2269 lus
551 2224 664 2270 tricesima
673 2224 712 2270 lux
721 2227 764 2281 cst,

203 2287 236 2334 Bt
245 2285 308 2331 nubit
318 2284 405 2332 decimo
412 2285 459 2340 jam
471 2241 590 2329 tietuini
601 2282 656 2328 viro.

173 2346 238 2398 Quae
248 2345 312 2390 nubit
321 2343 395 2397 toties,
406 2357 448 2389 non
460 2341 538 2398 nubit;
552 2342 657 2386 adultera
666 2341 717 2400 lege
726 2343 768 2388 esi.

204 2405 312 2450 Offendor
320 2403 413 2449 moecha
423 2401 559 2460 simpliciore
570 2400 648 2446 miuus.

58 2487 94 2537 Ile
103 2486 182 2532 eodem
193 2492 323 2542 argenteum
332 2481 403 2528 multa
418 2478 499 2542 passim
513 2481 640 2534 occurerunt,
655 2477 750 2525 nrsxime
758 2478 819 2540 apud
828 2478 932 2528 Mnus.

56 2550 101 2595 lem
111 2551 135 2591 et
144 2543 286 2590 iuvenalem.

87 2625 212 2684 Tamquam
232 2617 408 2677 nsotn'munium]
440 2616 484 2671 Sic,
508 2615 545 2660 vel
570 2615 678 2662 exstincto
702 2614 791 2668 marito.
816 2621 932 2678 superstes

56 2683 161 2734 manebat
171 2679 306 2728 matrimonii
316 2680 375 2729 fides.
391 2691 432 2738 pro
446 2691 489 2737 qus
504 2675 563 2734 apud
580 2674 697 2720 nonnullas
712 2685 789 2732 gentes
799 2682 848 2720 erat
858 2677 930 2723 mori.

43 2739 145 2792 'endum
177 2739 243 2788 Unde
253 2737 275 2784 S.
288 2735 419 2792 Bonifatius,
428 2735 450 2781 in
462 2733 533 2794 Epist.
544 2733 580 2778 cit.
598 2732 693 2784 theut.
703 2735 761 2792 qnod
761 2733 928 2790 foedissimum

57 2800 230 2852 stdstsrn'mam
244 2810 316 2854 genus
324 2796 448 2844 lominum.
463 2797 508 2838 tum
522 2806 602 2848 magno
613 2793 659 2838 selo
667 2791 837 2838 matrimonium
847 2799 928 2841 mutam

56 2876 130 2910 omme
143 2860 264 2908 strenus.
280 2859 306 2901 stt
320 2854 404 2900 mulier
420 2853 468 2899 siro
485 2852 574 2908 monnio
589 2855 675 2895 mortuo
691 2850 763 2896 ninere
781 2857 890 2897 rumses:
907 2857 930 2898 st

57 2918 178 2970 laudabilis
187 2915 270 2964 mulier
284 2914 344 2960 inter
358 2913 408 2959 illos
421 2925 465 2958 csse
474 2909 608 2968 judicatur,
666 2923 678 2954 s
692 2910 782 2966 propria
797 2924 868 2956 manu
882 2911 929 2956 siis·

56 2985 147 3027 mortem
164 2975 248 3028 attulit,
264 2977 290 3020 at
307 2972 334 3018 in
348 2985 395 3018 una
413 2975 473 3017 strue
489 2971 575 3026 puriter
593 2981 620 3012 ar
660 2972 735 3013 tcum
749 2968 797 3015 uiro
811 2981 858 3014 suo.
890 2969 930 3016 Dc

56 3039 149 3088 ilenrlie
159 3036 219 3082 idem
229 3032 296 3079 habet
306 3030 436 3091 Procopius,
447 3029 504 3076 seu.
515 3025 605 3074 Gothic.
619 3025 680 3072 Libr.
693 3027 721 3072 il.

87 3117 136 3163 Nec
144 3113 235 3161 ancillis
243 3116 264 3156 st
278 3107 406 3156 nutricibus
415 3106 555 3166 delegantur]
588 3105 698 3162 Insignem
707 3103 843 3162 elegantiam
853 3104 933 3164 obser-

55 3181 111 3223 bent
130 3174 215 3220 timnes
234 3169 257 3216 in
276 3167 345 3212 verbo
363 3167 502 3223 delegantur.
533 3166 612 3210 Sumta
632 3163 765 3223 metaphora
783 3163 814 3209 ab
833 3164 869 3217 iis,
889 3165 932 3224 qui
957 3203 962 3212 .

54 3231 210 3284 creditoribus.
221 3227 355 3286 omninoque
369 3225 449 3284 quibus
462 3224 555 3277 debent,
570 3237 613 3268 non
629 3221 672 3282 ipsi
682 3222 808 3268 solventes
818 3236 878 3277 arca,
888 3224 932 3270 sed

58 3295 88 3344 ed
99 3291 155 3338 aiios
164 3289 292 3340 amendant,
307 3300 320 3330 n
334 3284 419 3344 quibus.
435 3297 475 3328 auo
489 3282 586 3336 nomine,
603 3280 719 3341 pecuniam
735 3279 852 3340 accipiant,
867 3283 931 3342 quod

59 3351 141 3400 dicitur
150 3347 218 3393 etiam
227 3346 308 3392 soluere
316 3357 357 3400 per
365 3342 528 3401 delegationem.
559 3339 656 3386 Omnino
666 3338 747 3385 Cicero
757 3344 781 3384 et
790 3340 929 3398 elegantissi-

59 3425 108 3462 mus
117 3407 208 3468 quisquc
224 3401 311 3463 tropico
322 3401 385 3448 huius
401 3399 463 3446 verbi
478 3413 517 3446 usu
533 3398 667 3446 delectatur.
698 3397 753 3446 vid.
768 3397 930 3446 nociores!

58 3463 232 3520 Ciceronianis
241 3463 264 3509 b.
275 3475 297 3509 s.
308 3466 332 3508 et
346 3459 416 3508 Groo.
428 3458 482 3508 Obs.
495 3458 513 3517 l,
523 3459 560 3506 2⁰.
590 3455 652 3508 Em.
