2062 3824
359 303 361 310 ,
408 247 486 294 sn.
512 228 571 295 aa.
598 227 657 293 aa.
897 221 967 293 137

100 399 200 458 tortam
221 401 253 456 et
274 397 385 458 laetum
405 405 436 458 et
462 405 588 459 alacrem
612 403 690 459 volo.
712 417 800 474 prope
827 402 910 458 abest
933 401 971 458 ab
1017 449 1018 466 ,

100 499 280 566 infirmitate,
297 499 330 556 in
354 515 410 574 quo
434 503 495 560 sola
518 501 628 558 sanitas
655 501 795 559 laudatur.
836 499 901 558 Vos
922 517 972 557 ve·

103 615 142 665 ro,
168 599 366 667 disertissimi,
400 605 431 656 ut
465 601 594 674 potestis,
622 605 653 658 ut
680 601 786 667 facitis,
818 599 970 657 inlustrato

100 701 249 755 saeculum
265 702 394 755 nostrum
415 701 588 771 pulcerrimo
601 717 707 773 genere
722 699 851 756 dicendi.
893 699 971 756 Nam

101 802 130 854 et
143 803 180 862 te,
198 797 339 865 Messala,
354 799 442 855 video
465 799 624 856 laetissima
646 815 775 874 quasque
789 798 972 873 antiquorum

103 891 285 949 imitantem:
308 897 339 948 et
366 911 429 959 vos,
455 893 588 950 Materne
612 909 647 950 ao
676 895 821 959 Secunde,
841 893 884 950 ita
910 909 972 968 gra·

103 992 195 1050 vitate
221 1011 358 1050 sensuum
373 994 495 1052 nitorem
510 999 540 1051 et
559 997 669 1070 cultum
697 997 848 1052 verborum
869 993 971 1052 misce·

104 1091 147 1156 tis,
171 1109 210 1177 ea
232 1091 341 1148 electio
374 1093 564 1160 inventionis,
585 1094 611 1150 is
631 1095 701 1152 ordo
726 1111 817 1150 rerum
832 1099 871 1159 ct,
904 1109 971 1168 quo

104 1190 179 1250 tiens
205 1173 309 1247 caussa
344 1193 447 1264 poscit,
474 1195 599 1260 ubertas,
632 1209 677 1262 ea,
704 1193 836 1266 quotiens
857 1193 972 1266 permit·

103 1291 179 1358 titur,
207 1291 348 1356 brevitas,
375 1292 400 1347 is
427 1291 646 1364 compositionis
673 1295 770 1358 decor,
801 1310 837 1350 ea
857 1296 972 1349 senten·

101 1390 205 1448 tiorum
234 1389 368 1461 plenitas,
390 1390 434 1447 sic
461 1391 623 1461 exprimitis
651 1391 789 1456 adlectus,
817 1390 861 1448 sic
890 1392 972 1448 liber·

101 1493 190 1547 istem
207 1489 385 1561 temperatis,
400 1496 430 1545 ut
450 1491 548 1556 etiam,
562 1491 587 1546 si
602 1497 697 1546 nostra
719 1487 972 1562 ludicia'maligni·

101 1593 143 1646 tas
157 1596 188 1646 et
203 1589 317 1646 invidia
334 1589 500 1654 tardaverit,
515 1606 615 1646 verum
637 1591 676 1646 de
690 1590 775 1647 vobis
787 1590 892 1646 dicturi
912 1589 972 1647 siut

102 1689 209 1761 posteri
223 1689 326 1746 nostri.

154 1789 240 1859 Quae
269 1805 335 1866 cum
366 1789 446 1862 Aper
471 1789 603 1854 dixisset,
633 1789 851 1864 Agnoscitisne,
877 1775 1018 1863 inquitis

101 1883 265 1951 Maternus,
293 1887 353 1944 vim
381 1893 410 1944 et
438 1889 555 1945 adorem
586 1889 657 1960 Apri
686 1887 802 1946 nostri?
832 1905 888 1962 quo
916 1893 973 1945 tor-

101 1996 193 2054 rente,
214 2005 272 2062 quo
285 1987 386 2060 inpetu
400 1991 547 2046 saeculum
563 1997 689 2048 nostrum
713 1989 865 2046 deicnditl
887 2005 972 2060 qnam

100 2089 219 2160 copiose
249 2103 283 2142 ac
305 2087 385 2143 varic
406 2088 529 2144 vexavit
550 2087 699 2162 antiquos!
721 2093 829 2162 quanto
850 2105 908 2144 non
929 2105 972 2144 so·

100 2185 157 2244 lum
173 2185 295 2260 ingenio
320 2203 355 2241 ac
370 2185 480 2257 spiritu,
502 2187 553 2242 sed
578 2187 666 2243 etiam
691 2187 854 2244 eruditione
876 2193 906 2243 et
930 2204 973 2243 ar·

100 2291 138 2352 te,
166 2289 204 2343 ab
230 2286 301 2357 ipsis
330 2292 473 2342 mutuatus
499 2291 553 2352 est,
574 2305 625 2358 per
644 2303 717 2360 quae
745 2305 813 2344 mox
838 2287 915 2358 ipsos
930 2286 973 2342 in·

100 2389 249 2443 cesserat!
269 2385 367 2441 'l'uurn
383 2389 478 2441 tamen
491 2385 618 2442 Messala
634 2385 801 2458 promissum
813 2387 971 2442 inmutasse

100 2501 157 2543 non
180 2485 282 2542 debes.
305 2501 398 2556 neque
422 2483 501 2540 enim
521 2484 687 2542 defensores
709 2485 889 2559 antiquorum
910 2482 972 2540 cxi·

100 2583 203 2655 gimus,
241 2599 296 2639 nec
331 2599 500 2656 quemquam
534 2588 670 2649 nostrum,
692 2601 862 2658 quamquam
885 2583 971 2639 modo

100 2683 211 2740 laudati
232 2699 340 2746 sumus,
368 2682 423 2747 his,
453 2700 522 2756 quos
536 2684 695 2740 insectatus
719 2688 761 2738 est
779 2685 869 2754 Aper,
894 2697 971 2738 com·

100 2799 246 2855 paramus.
268 2798 303 2836 ac
333 2799 369 2836 ne
396 2781 458 2853 ipse
486 2782 601 2854 quidem
630 2782 669 2839 ita
689 2783 788 2842 sentit,
812 2783 862 2837 ssd
891 2798 970 2840 more

98 2881 203 2947 veteri,
224 2887 256 2936 et
277 2879 349 2934 alias
372 2880 476 2935 vestris
498 2879 676 2952 philosophis
698 2875 788 2953 'saepe
812 2882 970 2949 celebrato,

99 2981 222 3052 sumpsit
238 2978 295 3035 sini
318 2979 536 3036 contradicendi
559 2986 664 3052 partes.
704 2981 851 3053 Exprome
876 2980 970 3048 uobis,

99 3097 157 3138 non
176 3078 373 3136 laudationem
398 3079 595 3152 antiquorum:
617 3078 687 3135 satis
702 3081 780 3136 enim
804 3081 869 3137 illos
893 3080 970 3137 lama

12 3199 14 3224 t
98 3196 149 3235 sua
164 3177 285 3244 laudat3
306 3178 356 3233 sed
382 3194 507 3240 caussas,
529 3195 580 3234 cur
593 3179 624 3235 in
640 3185 750 3236 tantum
775 3179 811 3234 ab
835 3179 969 3252 eloquen—

12 3297 13 3312 2
99 3277 138 3334 tia
162 3293 263 3333 eorum
286 3276 503 3333 recesserimus:
524 3293 590 3334 curn
615 3279 783 3347 praesertim
807 3281 924 3332 cautum
938 3280 968 3331 et

99 3374 207 3450 viginti
223 3391 316 3430 annos
341 3375 376 3430 ab
391 3373 509 3433 interitu
524 3373 679 3430 Ciceronis
691 3373 723 3430 in
735 3373 813 3428 huno
826 3368 906 3423 diem
928 3369 972 3422 etl·

97 3473 146 3532 fici
161 3475 238 3532 ratio
253 3479 415 3548 temporum
429 3471 591 3546 collegerit.

139 3589 217 3633 τοι..
235 3589 286 3631 n1.
418 3626 421 3632 ,
550 3558 619 3621 12*
