2062 3824
86 189 136 260 bi
343 209 431 262 ivan
456 209 580 263 aonio.
614 209 704 260 rurs

5 365 6 446 J
85 363 244 440 Agonales
256 362 405 430 dominari,
421 351 553 425 vacuam
571 367 631 425 tum
654 367 745 425 morte
761 362 851 424 Atilii
875 363 954 434 m,

5 489 6 496 ¹
84 461 263 528 consolaris,
296 469 325 522 et
360 462 515 522 maioribus
549 470 736 522 reservatam.
791 463 955 528 Credidere

83 563 223 638 plerique,
239 563 370 620 libertum
385 579 422 618 aa
434 560 635 620 secretioribus
649 561 818 624 ministeriis
833 565 955 629 mimum

83 661 121 720 nd
148 661 327 736 Agricolam.
354 660 516 726 codicillos,
543 660 645 736 qrsibus
669 661 698 720 ei
720 662 806 736 Syria
820 663 956 732 dabatur,

85 760 193 828 tulisse,
220 777 287 816 cum
316 767 480 834 praecepto,
508 765 550 822 nt,
576 759 603 816 si
627 758 657 816 in
687 759 840 818 Britannia
866 759 955 832 foret,

85 860 282 916 irrideremur:
308 875 430 932 eumque
455 858 588 914 libertum
613 857 644 914 in
668 857 820 930 ipsolrelo
834 859 953 924 Oceani
1023 925 1024 928 Ἴ

84 958 204 1016 obvium
234 957 448 1030 Agricolaeque
473 957 620 1029 adpellato
643 957 760 1032 quidem
779 973 824 1022 eo,
838 959 875 1014 all
891 959 953 1016 Do·

85 1055 236 1112 mitiacum
252 1073 410 1112 remeasse:
431 1055 495 1112 sive
512 1073 610 1112 verum
632 1055 718 1122 istud,
736 1057 801 1116 sive
815 1073 853 1116 ex
869 1058 952 1130 inge·

38 1174 42 1184 “
84 1153 134 1219 nio
152 1153 408 1226 Principisfictom
430 1170 466 1210 ao
486 1155 680 1224 commatrum
711 1160 765 1214 est.
807 1155 954 1214 ursolus-

84 1257 129 1308 rat
162 1251 278 1308 ioterim
314 1253 452 1324 Agricola
486 1253 648 1312 successori
680 1270 733 1312 suo
765 1251 953 1326 provinciam

84 1349 210 1424 quietam
225 1356 380 1426 tutamque.
424 1351 479 1416 Ao,
500 1371 538 1410 ue
566 1351 702 1410 notabilis
726 1351 897 1410 celebritate
917 1355 952 1412 at

83 1446 244 1520 frequentia
270 1451 482 1508 occurrentium
506 1452 639 1510 introitus
663 1457 748 1520 esset,
771 1450 951 1510 vitatoami·

83 1557 182 1599 corum
202 1543 307 1604 officio,
329 1553 417 1601 noctu
442 1545 472 1602 in
501 1547 609 1610 urbem,
630 1552 717 1604 noctu
738 1546 769 1602 iu
799 1546 953 1618 palatium,

83 1638 124 1698 ita
152 1647 183 1696 ut
203 1647 386 1714 praeceptum
414 1649 484 1708 erat,
507 1644 604 1702 venit:
635 1652 831 1718 exceptusque
863 1644 951 1704 brevi

82 1741 191 1804 osculo,
224 1747 253 1796 et
282 1743 361 1798 nullu
384 1759 530 1808 sermone,
558 1745 657 1800 turbae
678 1742 868 1800 servientium
903 1744 950 1802 in·

83 1837 193 1896 mixtus
213 1844 266 1896 est.
308 1839 454 1910 Ceterum,
487 1847 518 1898 ut
546 1841 670 1900 militare
712 1858 826 1909 nomen,
856 1859 950 1916 grave

83 1932 160 1994 inter
190 1938 308 2004 otiosos,
347 1939 412 1996 aliis
453 1939 605 1996 virtutibus
647 1945 828 2012 temperaret,
868 1945 949 2000 tran·

84 2035 257 2110 quiltitatem
282 2041 365 2110 atque
392 2037 482 2094 otium
504 2038 618 2110 penitus
645 2037 735 2108 suxit,
755 2041 835 2096 cultu
856 2039 950 2098 moui·

83 2149 144 2200 tius,
164 2151 296 2192 sermone
324 2135 427 2201 facilis,
457 2151 514 2192 uno
541 2143 589 2195 aut
610 2139 702 2194 altero
721 2137 878 2196 amicorum
899 2154 950 2199 οῦ·

84 2232 221 2289 milatus:
256 2233 330 2288 aden
351 2240 381 2288 ut
408 2235 547 2309 plerique,
579 2236 681 2308 quibus
715 2253 834 2309 magnos
869 2236 951 2294 viros

84 2348 136 2404 per
165 2331 354 2388 ambitionem
381 2331 535 2390 aestimare
567 2351 627 2390 mos
659 2341 712 2398 est,
745 2334 808 2389 viso
827 2335 951 2407 adspec·

83 2433 169 2504 toque
192 2431 340 2505 Agricola,
366 2437 536 2506 quaererent
556 2431 669 2502 lamam,
703 2431 788 2506 pauci
807 2431 951 2508 interpre-

84 2533 221 2586 iurentur.

110 2701 387 2764 lajariiusrcseraalam]
421 2701 579 2750 illustrioribus
587 2703 739 2752 consularibus
748 2708 893 2752 reservatam.

110 2779 177 2828 freto
185 2781 278 2844 Oceani]
309 2783 401 2829 Fretum
411 2781 465 2828 iliud
474 2797 531 2828 nunc
541 2783 634 2828 dicimos
653 2782 733 2829 Strnitr
741 2783 768 2844 os
775 2783 856 2830 Dooer.

111 2859 258 2917 compositam
265 2862 303 2922 cal]
335 2861 387 2907 Sive
397 2861 455 2908 istud
464 2876 540 2907 verum
551 2867 591 2912 eat,
603 2861 648 2906 aive
657 2868 710 2931 apte
718 2878 744 2908 ac
751 2861 911 2908 convenienter
919 2862 950 2912 a!

81 2917 187 2980 Principia
197 2920 306 2975 ingenium
317 2921 421 2980 apopulo
430 2923 544 2966 conticium
555 2929 576 2965 et
585 2929 738 2980 compositum.

109 2995 233 3044 Successori
241 2998 288 3058 suo]
320 2999 435 3044 Successor
452 2999 569 3056 Agricolae
585 3000 673 3046 viduor
691 3000 757 3046 irrisae
775 2999 893 3046 Sallustius
904 3001 949 3050 Ln-

80 3057 250 3117 collatamque
265 3058 354 3102 Straton.
371 3057 393 3102 in
412 3057 496 3103 Dornit.
513 3057 542 3104 X.
576 3057 714 3105 Dorrritianua
732 3059 843 3105 interemit
859 3059 949 3108 strutar·

79 3115 137 3161 tium
152 3115 284 3168 Marullum,
300 3115 551 3174 Brittoniuelegotum,
560 3118 618 3176 quod
633 3120 718 3165 macros
731 3131 798 3165 nome
808 3119 949 3176 soranaeop·

78 3174 160 3229 ultori
168 3172 287 3220 laromam
294 3188 371 3232 maus
380 3179 439 3221 suat.

110 3249 158 3296 Per
176 3251 326 3309 ambitionem]
358 3251 393 3297 lix
403 3251 463 3316 ritae
472 3252 589 3312 splendore
598 3260 621 3299 st
630 3269 746 3300 nrrmeroso
755 3255 869 3302 comitatu.

110 3327 185 3376 Pauci
197 3329 406 3390 interpretarentur]
438 3329 534 3376 Tantam
552 3333 574 3378 in
592 3339 655 3378 tanta
665 3333 772 3382 modestia
786 3334 869 3382 mntem
879 3348 949 3396 qnae·

80 3385 166 3436 rebaut.
197 3387 266 3436 Pauci
275 3388 397 3436 medanae
406 3403 483 3436 causas
491 3390 704 3452 interpretabantur.
