2062 3824
95 150 167 217 112
265 167 312 214 nn
339 163 567 244 onnromnrs
593 163 771 212 naaaocvs

90 339 169 380 nnnc
193 320 273 378 circs
300 320 466 394 Thyesten,
486 315 662 376 consumant
691 334 759 374 cum
781 319 825 372 tot
850 316 964 374 amico-
1020 353 1021 410 ¹

90 438 151 478 rum
164 437 293 485 caussae,
308 426 350 476 tot
373 417 550 476 coloniarum
565 426 596 474 et
620 415 843 488 municipiorum
866 415 963 472 otien-

90 521 175 586 telae,
198 518 229 576 in
261 519 351 576 torum
373 525 500 586 vocent3
527 516 629 591 quibus
657 515 709 572 vin
736 515 895 580 sufficeres,
916 517 961 572 et·
1020 553 1021 606 ¹

88 618 172 676 iamsi
199 636 258 676 non
286 633 394 674 novum
421 617 474 672 tibi
500 616 563 688 ipse
591 615 739 688 negotium
769 613 960 685 inportasses,

89 717 249 774 Domitium
278 722 309 773 et
332 716 484 782 Catonem,
504 715 609 781 idest,
631 720 741 770 nostras
761 731 874 786 quoque
897 713 956 768 his·
1020 749 1021 790 ¹

89 817 175 872 turias
195 821 225 872 et
246 815 378 872 Romanu
408 815 526 871 nomina
558 814 738 870 Graecorum
767 811 872 868 tabuiis
906 811 958 868 ad·
1020 861 1021 894 3

87 931 214 988 gregare.

56 1001 78 1058 4
147 1015 186 1070 Et
221 1011 380 1080 Maternus,
406 1014 588 1084 perturbarer
620 1012 677 1068 hac
713 1015 761 1068 tna
782 1010 957 1078 severitate,
1020 1073 1021 1082 χ

86 1111 144 1168 nisi
164 1111 296 1184 frequens
311 1129 348 1167 ac
367 1111 486 1167 adsidua
507 1110 590 1168 nohis
610 1111 762 1167 contentio
782 1109 839 1166 iam
866 1127 958 1181 prope

85 1208 376 1267 inconsuetudinem
398 1207 543 1266 vertisset.
585 1209 661 1266 Nam
684 1225 739 1266 nec
754 1215 784 1265 tu
799 1205 911 1281 agitare
926 1212 960 1265 et
1020 1187 1021 1232 1

86 1306 198 1379 insequi
229 1311 328 1378 poetas
360 1307 536 1372 intermittis,
570 1311 602 1364 et
634 1323 698 1380 ego,
732 1306 781 1363 cui
810 1293 969 1364 desistam

85 1403 309 1462 advocationum
329 1404 443 1471 obiicis,
464 1405 662 1479 quotidianum
682 1406 737 1462 hoc
760 1404 957 1479 patrocinium
1020 1403 1021 1434 ³

85 1503 286 1562 detendendae
320 1503 458 1558 adversus
485 1510 514 1558 te
541 1505 674 1574 poeticae
707 1521 843 1560 exerceo.
887 1504 958 1574 Quo
1020 1501 1021 1574 Ξ

85 1603 177 1659 laetor
199 1602 300 1676 magis,
327 1601 455 1658 obtatnm
484 1601 567 1658 nobis
591 1602 727 1669 iudicem,
755 1602 804 1675 qui
829 1618 876 1658 rne
903 1605 955 1658 vet
1020 1593 1021 1660 ἶ

85 1699 254 1757 infuturum
280 1703 360 1754 vetet
387 1715 485 1757 versus
510 1699 614 1767 tacere,
636 1703 693 1767 vel,
721 1701 796 1774 qnod
823 1699 884 1756 iam
900 1700 957 1773 pri·
1020 1699 1021 1706 ’

85 1799 152 1855 dem
184 1805 265 1871 opto,
292 1815 343 1854 sua
377 1813 489 1870 qnoque
519 1798 693 1855 auctoritate
722 1801 898 1872 compellat,
924 1801 958 1855 nt

50 1955 53 1973 ,
85 1895 198 1953 omissis
212 1896 367 1952 sorensium
390 1911 553 1952 caussarum
571 1897 721 1971 angustiis,
741 1898 772 1954 in
794 1898 898 1971 quibus
911 1914 957 1954 sa·
1020 1873 1021 1890 Χ

9 1982 55 2080 ¹1¹*
86 1993 123 2051 tis
137 1997 210 2052 mihi
232 2015 371 2072 superque
385 2001 528 2062 ,sudatum
543 2001 597 2063 est,
620 1995 897 2053 sanctioremistam
920 2003 954 2054 et
1020 1999 1021 2066 ¹

12 2080 25 2114 Ι
85 2093 279 2164 augustiorem
294 2097 489 2168 etoquentiam
502 2097 607 2152 cctam.

56 2192 74 2248 5
145 2190 210 2264 Ego
239 2210 320 2256 vero,
347 2193 439 2269 inquit
461 2195 621 2260 Secundus,
653 2197 809 2266 antequam
840 2209 888 2248 me
909 2191 953 2248 iu·
1020 2181 1021 2246 ζ

85 2288 180 2346 dicem
212 2291 292 2362 Aper
324 2298 446 2359 recuset,
479 2293 583 2348 faciam
615 2293 691 2366 quod
725 2291 807 2364 probi
826 2296 857 2346 et
892 2307 955 2348 mo·
1020 2301 1021 2338 1

84 2387 160 2443 desti
173 2385 283 2444 iudices
297 2391 401 2458 soient,
414 2396 444 2448 ut
465 2390 495 2447 in
511 2391 556 2447 his
570 2389 784 2464 cognitionibus
808 2405 841 2446 se
862 2405 956 2447 oxon·
1020 2389 1021 2394 ’

84 2489 159 2550 sent,
182 2483 214 2542 in
237 2485 338 2560 quibus
361 2489 542 2546 manifestum
569 2495 623 2556 est,
650 2491 771 2544 atteram
797 2487 876 2560 apnd
901 2504 955 2544 eos

85 2586 195 2654 partem
220 2584 312 2657 gratia
338 2590 516 2659 praeualere.
559 2587 631 2659 Quis
658 2586 738 2642 enim
764 2585 872 2653 nescit,
903 2604 954 2643 ne·

85 2679 193 2736 minem
207 2681 277 2739 mihi
293 2684 522 2742 coniunctiorem
542 2669 606 2740 esse
627 2689 657 2740 et
680 2701 732 2740 usu
755 2683 908 2743 amicitiae
923 2691 956 2743 et
1020 2739 1021 2742 ,

84 2779 257 2838 adsiduitate
271 2784 462 2850 contubernii,
485 2800 570 2857 quam
591 2781 720 2840 Saleium
735 2783 870 2849 Bassum,
884 2800 954 2841 cnm
1020 2759 1021 2772 ἵ

84 2877 224 2951 optimum
246 2878 347 2948 virum,
371 2885 431 2938 tum
458 2880 699 2954 absolutissimum
727 2879 871 2953 poetam?
891 2899 954 2955 por·
1020 2865 1021 2940 J

22 3083 24 3092 Ι
114 3029 243 3090 clientelae]
275 3031 339 3082 Quae
355 3040 472 3094 patronum
486 3037 617 3094 cooptarent
633 3033 773 3081 Maternum.
805 3033 887 3080 Notae
903 3039 955 3082 sunt
1020 3057 1021 3062 =

85 3089 182 3133 tesserae
191 3089 359 3148 hospitalitatis.

114 3164 250 3224 Domitium]
281 3166 378 3212 Videtur
395 3167 461 3214 tuisse
480 3169 506 3224 is,
531 3169 576 3230 qai,
596 3168 654 3216 lulio
672 3168 765 3216 Caesari
783 3169 953 3229 intensissimus,

83 3219 212 3267 Pharsalica
222 3222 269 3268 ncie
279 3225 388 3270 occubuit.
399 3226 428 3270 de
437 3240 482 3285 quo
491 3228 550 3272 Suet.
563 3228 600 3274 Ne
614 3243 633 3272 r.
644 3231 666 3274 2.

117 3297 216 3346 Saleium
230 3301 334 3362 Burnum]
367 3303 768 3362 DaqnoQuinctitianus,1nstitutr
784 3307 952 3366 oramina

83 3353 363 3465 {emaum-prostituas
377 3361 494 3418 ingenium
508 3362 577 3412 Sutrii
590 3363 724 3424 noenu,
738 3379 778 3414 nec
792 3365 870 3426 ipram
884 3382 956 3418 rencs·
