2062 3824
392 211 472 260 cns.
498 193 556 263 27.
582 192 641 262 28.
880 201 949 272 141

79 368 130 432 tus,
150 369 310 440 antequam
332 369 362 424 te
385 368 468 441 Aper
486 367 657 440 offenderet,
677 369 800 432 maiores
828 377 893 432 tuns
913 376 955 434 la·

78 466 230 522 censendo.

116 563 189 620 Non
224 581 297 630 sum,
331 564 434 640 inquit.
467 566 593 624 offensus
629 568 703 641 Apri
734 569 825 630 nostri
857 571 952 646 dispu-

79 662 209 732 tatione;
232 680 289 722 nen
318 681 371 722 vos
391 665 500 724 offendi
520 667 648 734 decebit,
669 668 695 726 si
718 669 786 743 quiri
807 670 880 728 forte
904 688 952 730 au·

77 777 120 820 res
142 768 257 820 vestras
279 763 475 838 perstringet:
496 782 563 823 cum
578 766 689 834 sciatis,
710 768 786 826 hnnc
800 786 864 826 esse
878 769 952 828 cius·

79 861 156 918 modi
181 879 347 920 sermonum
370 866 471 938 tegern,
492 865 635 924 iudicium
649 865 749 938 animi,
769 867 844 926 citra
874 870 953 928 dana·

79 977 147 1018 anm
162 961 306 1028 adiectus,
322 962 455 1034 proferre.

117 1060 223 1134 Perge,
237 1060 331 1135 inquit
346 1061 507 1128 Maternus,
521 1067 561 1130 et,
575 1079 641 1120 cuna
656 1064 693 1122 de
706 1063 833 1139 antiquis
855 1067 952 1141 icqua-

78 1157 124 1226 ris,
139 1167 223 1216 utere
236 1162 356 1234 antiqua
372 1160 515 1228 libertate,
536 1179 624 1237 aqua
637 1165 686 1221 val
712 1163 803 1239 magia
826 1165 952 1240 degene-

79 1258 223 1322 ravimus,
234 1275 319 1331 quam
334 1261 371 1315 ab
384 1260 560 1334 eloquentia.

135 1358 176 1416 Et
213 1357 352 1425 Messala,
387 1359 455 1416 Non
487 1358 662 1429 reconditas,
695 1359 840 1430 Materna,
868 1377 1002 1436 caua-23

78 1473 123 1514 sas
144 1457 291 1530 requiris:
320 1464 446 1516 necant
468 1457 521 1516 tibi
550 1459 615 1532 ipsi.
636 1465 685 1518 aut
713 1461 781 1520 huic
804 1462 951 1530 Secundo,

77 1558 125 1613 net
139 1557 211 1613 hnic
228 1559 309 1629 Apro
323 1557 447 1632 ignotas,
468 1557 584 1614 etiamsi
608 1559 680 1616 mihi
701 1565 797 1632 parter
813 1559 950 1634 adsigna·

77 1652 113 1712 tis
133 1654 301 1727 proferendi
331 1655 363 1714 in
393 1657 532 1725 medium,
565 1675 639 1732 quae
670 1675 771 1716 omnes
799 1659 949 1716 sentimus.

79 1753 149 1825 Quis
165 1753 246 1810 enim
267 1753 390 1828 ignorat,
410 1760 441 1812 et
465 1758 661 1831 eloquentiam
688 1762 718 1814 et
739 1761 852 1816 ceteras
872 1766 949 1816 artes

77 1852 240 1910 descivisse
259 1853 296 1908 ab
315 1852 373 1910 ista
394 1860 494 1912 vetere
524 1856 626 1930 gioria,
657 1873 717 1914 non
737 1855 836 1930 inopia
857 1857 949 1918 nomi·

74 1968 151 2020 aum,
173 1953 227 2010 sed
248 1951 361 2010 desidia
381 1951 551 2018 iuventutis,
573 1955 817 2030 nenegligentia
848 1973 949 2030 paren·

76 2053 142 2116 tum,
157 2055 189 2107 et
208 2049 366 2109 inscientia
382 2052 632 2125 praecipientium,
652 2060 683 2111 et
696 2053 845 2112 oblivione
861 2053 948 2114 moris

75 2147 210 2225 antiqui?
230 2167 304 2224 quae
339 2153 424 2218 maia,
452 2153 574 2226 primum
608 2154 640 2211 in
674 2155 744 2212 urbe
772 2161 851 2222 nata,
878 2171 949 2214 mox

75 2267 125 2322 per
146 2249 266 2306 ltaliam
280 2248 352 2316 iuss,
373 2249 431 2307 iam
451 2250 483 2308 in
502 2252 669 2324 provincias
690 2260 829 2311 manant:
851 2270 949 2328 quam-

71 2366 159 2424 quam
182 2353 281 2406 nostra
308 2347 393 2406 nobis
423 2349 536 2407 notiora
564 2357 640 2408 sunt.
681 2351 746 2425 Ego
764 2353 801 2408 de
828 2353 898 2410 urbe
917 2355 949 2410 ci

73 2445 126 2517 his,
140 2448 265 2520 propriis
285 2465 320 2505 ac
346 2450 512 2506 vernaculis
534 2449 616 2506 vitiis
636 2453 744 2525 loquar,
765 2468 838 2524 quae
864 2455 948 2508 natos

73 2546 173 2604 rtatim
188 2547 342 2620 excipiunt
356 2552 386 2604 et
400 2549 593 2622 persingulas
607 2550 712 2606 aetatis
726 2551 830 2624 gradus
850 2565 948 2606 carnu-

73 2646 188 2702 lantur:
213 2646 237 2702 si
253 2647 330 2718 priua
344 2647 380 2704 tie
394 2646 553 2705 severitate
573 2665 607 2704 ac
623 2647 777 2722 disciplina
798 2647 946 2713 maiorum,

74 2744 154 2802 circa
168 2745 337 2802 educandos
348 2745 568 2820 formandosque
578 2746 693 2814 liberos,
707 2763 799 2820 panca
815 2746 949 2818 praedix-

75 2861 133 2902 ero.
178 2845 243 2902 Iam
266 2845 398 2918 primum,
412 2863 478 2902 suus
499 2845 603 2920 cuique
629 2845 715 2912 filius,
736 2863 776 2903 ex
795 2851 876 2902 casta
898 2863 946 2920 pa·

72 2950 156 3004 rente
177 2951 274 3013 natus,
288 2961 347 3002 non
361 2943 391 3002 in
406 2947 484 3003 celia
496 2951 612 3026 emptae
623 2945 753 3012 nutricis,
773 2946 824 3002 sert
835 2946 946 3019 gremio

74 3059 109 3102 ac
145 3043 213 3102 sina
242 3043 342 3101 matris
362 3045 558 3114 educabatur3
592 3045 675 3120 cujus
705 3044 861 3120 praecipua
882 3045 945 3102 iaus

74 3149 146 3211 crat,
177 3142 253 3200 tueri
277 3142 394 3200 domurn
427 3148 458 3202 et
487 3144 630 3202 inservire
661 3144 769 3202 tiberis.
811 3143 946 3218 Eligeba-

6 3261 8 3276 ·
74 3245 118 3300 tnr
132 3245 231 3300 autem
252 3241 350 3316 eliqua
372 3242 465 3300 maior
486 3249 555 3300 natu
577 3242 745 3317 propinqua,
772 3242 855 3300 cuius
883 3259 944 3314 pru

6 3337 8 3374 ἶ
74 3340 149 3397 batis
170 3340 367 3416 spectatisque
388 3342 514 3400 moribus
534 3343 629 3399 omnis
643 3341 802 3415 cujuspiam
816 3341 945 3396 familiae

73 3439 189 3498 suboles
216 3439 455 3509 committeretur,
474 3457 572 3498 coram
593 3417 649 3512 qu'a
669 3454 762 3509 neque
783 3435 947 3492 diceresne
