2096 3840
414 229 493 276 oar.
523 211 555 275 1.
581 209 616 276 2.
919 213 968 279 55

87 385 221 443 dendnm
247 380 364 439 virtutis
391 384 571 450 memoriam,
595 382 660 441 sine
686 381 780 458 gratia
804 387 853 442 aul
879 385 971 444 ambi<

88 485 186 548 tione,
208 485 304 538 bonae
333 487 444 538 tantum
459 483 662 539 conscientiae
683 483 777 556 prelio
801 485 969 541 ducebatur.

88 585 139 641 Ao
165 581 305 655 plerique,
319 597 401 638 suam
423 581 478 654 ipsi
501 583 593 639 vitam
617 599 742 648 narrare,
762 583 899 640 fiduciam
922 601 971 656 po-

87 682 147 738 lius
175 673 297 745 morum,
323 697 409 754 qnam
423 681 624 756 adrogantiam
650 667 783 738 arbitrati
805 687 890 737 sunt:
913 697 971 739 neo

87 782 118 839 id
141 781 257 838 Rutilio
277 787 308 838 et
339 782 451 839 Scauro
477 782 551 838 citra
576 783 664 840 tidem
692 789 742 840 aut
762 779 971 840 obtrectationi

88 881 154 937 luit.
175 881 252 938 adeo
280 881 402 938 virtutes
426 881 531 938 iisdem
552 882 730 954 temporibus
752 882 863 954 optime
886 879 972 938 aesti-

88 986 215 1046 mantur,
236 979 342 1054 quibus
355 979 496 1036 facillime
516 979 683 1053 gignuntur.
726 981 769 1038 At
794 979 876 1048 mihi,
890 995 969 1038 nune

89 1085 241 1135 namaturo
257 1078 351 1134 vitam
373 1077 505 1135 defuncti
529 1077 666 1145 bominis,
691 1079 779 1136 venia
802 1097 875 1153 opus
895 1079 968 1137 luit:

88 1195 173 1250 quam
188 1195 249 1234 non
268 1177 416 1248 petissem,
432 1177 463 1233 ni
476 1177 659 1235 incusaturus
678 1182 738 1236 tem
752 1195 843 1236 saeva
867 1187 898 1236 et
925 1180 970 1238 in·

89 1276 161 1334 festa
175 1276 335 1334 virtutibus
350 1282 489 1349 tempora.

126 1375 282 1449 Legimus,
309 1391 375 1430 oum
406 1376 540 1431 Aruleno
554 1373 678 1432 Rustico
701 1375 808 1432 Paetus
824 1376 1000 1446 Thrasea,2

89 1473 243 1530 Herennio
261 1473 423 1530 Senecioni
435 1473 721 1531 Priscua‘llelvidlus
736 1475 846 1532 laudati
860 1479 969 1542 essent,

89 1572 219 1646 capitale
245 1571 356 1628 luisse:
391 1589 484 1646 neque
500 1572 530 1629 iu
545 1573 623 1645 ipsos
644 1575 731 1629 modo
753 1579 896 1640 auctores,
916 1573 969 1630 sed

90 1672 118 1728 in
149 1673 242 1748 libros
276 1687 390 1745 quoque
423 1688 523 1728 eorum
552 1671 707 1739 saevitum,
731 1673 868 1744 delegato
902 1671 969 1728 'Pri-

89 1769 210 1828 umviris
248 1769 423 1836 ministerio,
460 1776 491 1826 ut
519 1776 709 1828 monumenta
742 1770 968 1828 clarissimorum

118 1953 182 2014 Vsu]
231 1954 258 2000 ln
276 1953 372 2000 baoCn.
386 1953 443 2000 lulli
464 1953 584 2012 Agricolae
600 1953 648 2000 vita
657 1953 844 2002 absolutissimum
860 1953 968 2001 habemur

88 2012 184 2059 decorae
207 2013 367 2073 perfectaeque
383 2011 518 2060 laudationis
529 2013 651 2074 exemplar.
686 2013 721 2059 Ad
733 2013 788 2058 illud
805 2015 967 2073 quantomagis

86 2071 627 2190 {lutlludilmlltlllsilt'l³llll
641 2072 968 2194 dffiudutl’llllll:

88 2190 196 2236 obmetur
207 2189 278 2236 vitiis.
294 2165 299 2176 ¹
761 2165 768 2189 ’

116 2267 240 2328 Tempora]
274 2268 399 2315 Domitiani
408 2273 520 2330 tempora.

114 2346 236 2406 Legimus]
270 2347 437 2394 immoviderat
457 2348 558 2404 Tacitus,
567 2354 593 2394 ut
612 2349 660 2410 ipse
675 2353 772 2394 testatur
790 2347 848 2402 inira
859 2363 907 2408 cap.
928 2351 965 2393 ld.

86 2407 129 2453 Sed
139 2406 217 2452 edicta
232 2419 328 2466 quoque,
364 2408 428 2453 uibus
446 2408 650 2463 damnatilusrant‚
670 2409 760 2468 scripta,
781 2407 860 2466 quibus
870 2405 967 2462 laudati,

85 2422 412 2584 lpfe‘riiriintpmffldaoe
422 2479 466 2513 noa
478 2473 524 2512 lans
543 2466 573 2512 nd
588 2469 728 2527 scriptorem,
739 2481 805 2526 quum
822 2467 852 2512 ad
871 2467 968 2511 lectores

115 2604 223 2649 Anatim
231 2601 332 2663 Rustico]
365 2604 449 2650 lsocum
461 2604 519 2650 bunc
533 2604 623 2662 egregie
632 2603 732 2650 illustrat
742 2603 788 2649 Dio
797 2603 895 2650 LXVll.
913 2617 965 2662 pag.

89 2664 141 2708 765.
172 2661 320 2709 Domitianus
336 2661 462 2710 Rudinum
479 2664 611 2710 Aruleuum
628 2662 747 2718 interfecit,
766 2666 885 2717 propterea,
908 2659 968 2720 quod

84 2719 286 2776 pbiloscplnrelur,
297 2723 396 2790 quudwe
407 2721 530 2768 Thraseam
544 2722 621 2767 uirum
638 2721 802 2774 suntiissimum
821 2721 967 2776 appellasset,-

87 2779 182 2836 ilemquc
199 2779 346 2826 Herennium
361 2780 508 2835 Senecionem,
526 2781 584 2838 quod
603 2795 656 2825 cum
673 2779 763 2824 uicisset
779 2778 904 2825 diutissime
920 2781 968 2832 posi

87 2841 237 2894 mmsslurum,
257 2839 351 2885 nullum
367 2839 523 2896 magistratum
539 2839 657 2894 petivisset,
667 2839 766 2896 quodque
775 2837 880 2882 Heluidii
890 2835 969 2880 Prisci
983 2877 985 2882 ,

87 2895 159 2940 risam
178 2897 345 2952 consumpsisset.
392 2898 508 2944 blandita
528 2905 632 2944 accurate
651 2895 771 2942 Suetonius
786 2897 808 2941 iu
827 2895 912 2940 Domit.
934 2894 966 2941 X.

87 2953 191 3000 Iunium‘
209 2955 338 3010 Rusticum,
358 2957 416 3016 qiud
432 2955 500 3001 Paeti
515 2955 625 3002 Thraseae
639 2959 659 3000 el
674 2954 780 3000 Heluidii
795 2954 872 3000 Prisci
889 2953 967 2999 londes

85 3013 196 3068 edidisset,
207 3015 375 3074 appellassetque
382 3029 415 3061 sos
422 3013 568 3061 sanctissimos
576 3016 635 3060 uiros
646 3013 727 3072 :cujus
738 3013 840 3058 criminis
848 3012 967 3067 accadens,

86 3072 220 3128 philosophos
229 3087 302 3120 onmes
312 3073 374 3120 Urbe
382 3073 493 3132 Italiaque
500 3073 615 3119 submouit.
633 3071 720 3119 Stoicus
729 3075 778 3115 erat
790 3072 900 3116 Arulenus
908 3071 966 3116 Rus·
1014 3087 1018 3106 t

87 3131 157 3186 tirus,
166 3129 263 3191 ideoque
273 3147 287 3176 a
299 3133 334 3179 M.
345 3133 437 3192 Regulo
444 3131 607 3179 contumeliose
617 3131 683 3192 appel
688 3131 745 3174 lotus
754 3129 877 3174 Stoicorum
884 3129 948 3172 simin
958 3147 965 3172 :

90 3189 458 3249 Vitellianucs'colricesiigmoaus.
492 3191 549 3237 Pliu.
567 3189 584 3236 l.
601 3191 622 3236 B
641 3225 644 3230 .
666 3193 688 3234 l.
721 3189 757 3233 De
773 3187 883 3240 Thrasea,
900 3200 966 3244 quern

86 3249 150 3294 Nero
160 3249 282 3306 interiecit,
300 3250 385 3296 dictum
400 3257 435 3296 est
445 3250 527 3296 Annal.
546 3246 611 3296 XVI.
624 3205 655 3294 El
667 3253 743 3306 etseq.
776 3245 921 3289 ‘'luicidatis
930 3250 966 3290 tot

87 3307 222 3364 ‘insignibus
233 3308 295 3362 viris,
306 3309 334 3354 ad
353 3314 489 3368 postremum
506 3307 569 3354 Nero
580 3307 686 3352 virtutem
697 3303 766 3362 ipsam
776 3302 965 3367 exscinderencon·

89 3367 196 3476 ‘wluin
219 3365 340 3412 interiecto
357 3367 459 3414 Thrasea
471 3368 556 3437 'Pr-reto,
576 3371 599 3408 et
611 3364 683 3408 Barea
692 3363 786 3414 Smauo,
799 3359 852 3404 olim
868 3365 968 3416 utrisque

88 3428 95 3452 ⁸
132 3439 206 3488 ensus,
215 3429 240 3472 el
249 3426 407 3473 aooedentibus
417 3440 488 3472 cauare
500 3425 546 3470 rn'l
555 3421 678 3468 brascam*
