2062 3824
386 211 390 218 ·
422 217 500 266 ear.
526 195 584 265 39.
602 199 661 266 40.
907 195 955 266 95

89 353 281 440 eomoientia,
303 369 411 429 derisui
426 371 514 428 luisse
535 389 625 445 nuper
648 371 750 428 lulaum
764 387 781 428 e
796 369 957 430 Germania

89 469 273 542 triumphum,
286 471 392 544 emptis
408 488 459 543 per
471 469 654 536 commercia,
668 487 785 546 qnorum
801 471 914 527 habitur
926 473 956 528 el

86 569 182 626 orium
198 571 227 626 in
242 569 427 642 naplivorum
441 570 569 642 speeiem
591 571 794 627 formarentur:
826 579 854 626 at
877 584 955 628 nuuc

89 684 187 726 veram
208 687 401 744 magnamque
426 669 589 736 victoriam,
611 675 653 727 tot
676 670 803 726 millibus
827 667 955 725 hominm

87 767 189 830 eaesis,
218 767 334 841 ingenti
366 769 442 825 lama
475 770 626 826 celebrari.
670 769 702 824 ld
737 767 791 824 eibi
827 767 954 822 maxime

89 862 312 931 lormidoloaum‚
327 867 433 938 privati
448 867 573 923 hominia
589 884 693 923 nomen
708 883 792 939 supra
808 863 954 936 Principia

89 963 205 1021 adtolli:
226 965 330 1021 frustra
345 951 439 1022 slurlia
457 966 511 1022 luri
532 973 559 1022 el
581 965 714 1022 civilium
737 963 840 1021 artium
864 963 954 1020 droun

86 1059 278 1119 innitentium
292 1071 367 1130 nota,
382 1064 406 1120 ai
431 1064 585 1120 militarem
606 1065 726 1138 gloriam
741 1063 815 1119 aliua
830 1077 953 1133 oocupa-

86 1165 143 1215 ret:
165 1167 195 1217 el
210 1167 310 1218 uetera
332 1168 485 1235 utcumque
509 1163 622 1222 facilius
646 1161 834 1219 (lianimularit
859 1159 952 1218 Daoi!

87 1257 152 1314 boni
182 1259 404 1331 Imperatoriam
433 1261 568 1318 virtutem
600 1279 673 1316 eme.
717 1259 841 1316 Talibus
875 1257 951 1314 ouria

88 1359 243 1423 exereitus,
258 1359 390 1432 quodque
406 1375 513 1415 saevae
528 1357 713 1431 cogitationis
727 1359 866 1416 imlioium
881 1361 952 1442 erat,

86 1461 197 1512 terreto
211 1473 266 1512 auo
289 1456 419 1518 saliatur,
443 1458 582 1530 optimum
604 1459 633 1514 in
656 1457 818 1530 praesentia
839 1453 950 1524 atatuil,

85 1571 222 1624 reponere
236 1555 345 1616 odium,
361 1557 455 1612 eloneo
470 1557 584 1627 inpetus
605 1557 699 1612 lamae
720 1564 748 1613 et
764 1555 846 1613 lavor
869 1571 951 1611 eaer-

86 1653 156 1709 oitua
178 1658 390 1727 languesceret.
412 1673 480 1711 nam
502 1656 591 1712 etiam
608 1663 666 1712 tum
684 1657 822 1728 Agricola
837 1653 951 1710 Britan·

86 1751 161 1808 niam
175 1753 340 1809 obtinebat.

122 1850 214 1922 Igitur
235 1851 440 1922 ‘triumphalia
455 1857 630 1909 'ornamenta
645 1856 675 1908 et
695 1849 824 1908 inlustris
837 1855 948 1907 statuae
959 1857 1002 1920 4ο

82 1947 241 2004 'honorem
269 1954 299 2005 et
324 1949 460 2023 quidquid
486 1969 536 2022 pro
566 1952 710 2029 triumpho
736 1945 838 2014 untur:
859 1951 949 2008 multo

82 2047 237 2103 verborum
253 2047 361 2103 honore
375 2051 529 2113 cumulata,
544 2049 662 2105 ileoemi
678 2048 707 2104 io
725 2049 834 2106 Senatu
850 2049 947 2106 iuhel:

81 2144 235 2236 additque·
253 2143 371 2218 insuper
403 2145 579 2220 opinionem,
615 2149 731 2223 Syriam
766 2147 947 2220 provinciam

108 2319 299 2382 Nuperfnlnrnr]
331 2321 382 2370 Hoc
396 2338 461 2378 annu,
478 2324 546 2371 Urbir
560 2325 664 2371 conditae
678 2339 826 2376 noccxxxvu,
838 2321 948 2370 Domitia·

77 2391 124 2429 nur,
135 2380 157 2424 in
169 2379 314 2426 Germaniam
325 2383 443 2442 proiectus.
459 2398 487 2429 ne
497 2383 544 2429 viso
554 2385 643 2444 quidem
655 2385 724 2434 hoste,
744 2385 837 2429 Romam
848 2388 947 2429 reverte-

78 2441 122 2492 rat,
132 2443 156 2482 et
166 2438 352 2499 triumphaverat.
385 2441 445 2488 Vide
456 2442 558 2494 Dionem,
569 2441 666 2490 uxvu.
677 2455 727 2503 pag.
739 2443 789 2489 76⁰.

106 2516 177 2562 Arioi
194 2517 318 2586 occuparet]
351 2517 492 2566 Domitianus
517 2521 604 2567 alienae
628 2520 700 2568 laudis
724 2533 781 2576 onor,
802 2519 877 2566 aludia
895 2519 947 2575 lori,

76 2573 153 2620 ovile·
163 2579 233 2626 arten,
249 2589 364 2636 ipsamque
379 2577 541 2638 philosophiam
560 2580 582 2624 in
600 2577 711 2625 silentium
727 2584 811 2636 egerat,
828 2579 888 2630 viria,
904 2579 947 2624 hac

76 2631 145 2679 laude
163 2633 239 2686 elaris,
260 2637 373 2693 neglectio,
393 2641 433 2682 ant
451 2653 477 2682 ex
505 2639 566 2684 Urbe
586 2638 659 2698 pulsia.
693 2640 758 2687 Qtrae
776 2645 851 2682 tamen
871 2636 946 2682 omnia

77 2691 161 2738 frustra
179 2691 319 2748 recidebant,
336 2695 354 2739 ri
372 2695 474 2752 Agrioola
493 2697 613 2742 militarem
633 2697 726 2754 gloriam
747 2709 804 2741 neruo
817 2699 944 2755 oocuparet.

77 2750 264 2796 carentanum
279 2751 427 2812 dirrirnulari3
448 2754 499 2800 honi
515 2765 590 2802 autem
606 2755 667 2804 ducii
686 2755 759 2808 dmin,
780 2754 884 2800 virtutem
898 2761 946 2801 erae

74 2810 190 2870 propriam
203 2809 317 2870 Principia,
328 2811 364 2870 qui
377 2813 517 2872 imperatorin
527 2815 616 2860 nomine
624 2813 757 2858 exereitihur
766 2819 898 2873 praeesset.-

105 2886 193 2932 Serralu
207 2901 247 2932 ruo
290 2889 343 2934 lude
361 2890 444 2937 Plinius
463 2891 484 2938 in
508 2893 636 2950 Panegyrir.
652 2891 760 2938 Xthll.
793 2889 946 2938 Domitianum

75 2945 174 2998 exhibet,
195 2949 232 2992 tm
284 2961 294 2991 a
313 2962 395 3004 semper
417 2956 564 3009 nemetumque
588 2956 715 3007 captantem,
740 2963 899 3010 aerumpnam
917 2965 946 2998 eo

78 3005 201 3050 ualitudine
210 3018 251 3050 ruo
264 3007 414 3062 prodeuntem,
425 3011 472 3056 uiri
480 3016 505 3055 ut
514 3011 657 3057 retitudinem
663 3009 759 3066 fuceret.

106 3081 317 3146 Reponereouium]
349 3085 448 3134 Differre
456 3089 537 3136 odium.

107 3159 270 3216 Tt'l'llmlhsslt'fl
284 3167 422 3225 mmmmm]
454 3167 508 3214 Non
534 3168 605 3228 ipsum
629 3166 696 3213 trium
713 3169 774 3221 hum,
792 3166 828 3226 qui
845 3165 875 3212 ah
889 3179 948 3212 anne

77 3219 146 3268 Urbis
155 3220 260 3266 eonditae
269 3237 352 3272 occura
360 3225 453 3284 privatis
469 3226 592 3273 hominium
608 3225 675 3271 tribui
693 3181 767 3276 leniit,
783 3232 808 3270 ut
823 3226 875 3270 rolin
886 3226 947 3270 l’rin·

77 3277 166 3338 nipihua
182 3277 343 3327 Camaribueve
358 3290 516 3330 reservaretur.
549 3285 639 3330 Novm'n
656 3283 712 3328 illud
730 3283 864 3327 adrrlationie
880 3297 947 3332 peram

77 3336 162 3382 invenit
178 3337 281 3398 Agrippa,
299 3345 324 3386 ut
343 3343 442 3398 Augusto
459 3341 620 3398 gratificaretur
658 3340 722 3384 Haec
737 3339 835 3396 pluribun
851 3339 947 3394 explicat

78 3395 133 3448 Dim
147 3395 207 3440 Ην.
218 3411 238 3456 p.
250 3400 300 3445 538.
333 3400 472 3444 Ornamenla
483 3406 558 3444 autem
569 3397 714 3455 triumphalia
724 3396 785 3440 luere
795 3393 862 3437 reatin
872 3393 948 3435 trium«

75 3453 158 3516 phalis,
169 3453 258 3518 aliaque
267 3457 451 3518 triumphantium
466 3457 566 3514 insignia.
