2062 3824
411 253 511 310 ‚cen
531 235 586 301 14.
615 234 672 300 15.
907 229 982 341 125.
1024 271 1025 318 3

106 385 297 466 scholasticis
310 407 519 468 controversiis
532 405 661 475 recessit,
675 411 705 464 et
718 405 809 464 otium
822 421 905 464 suum
919 421 977 462 ma·

108 510 175 566 vult
194 525 336 566 nouorum
350 507 496 566 rhetorum
514 525 603 576 more,
622 523 708 582 quam
729 510 862 567 veterum
885 509 978 562 orato·

107 623 182 674 rum,
205 607 386 666 consndrere.

151 707 232 765 Tum
249 709 340 780 Aper,
355 707 425 766 Non
438 706 559 776 desinis,
581 705 719 774 Messala,
743 709 846 762 vetera
866 707 977 760 tantum
990 687 1025 748 1⁵

8 809 9 817 ’
110 808 141 862 et
166 805 288 880 antiqua
307 805 414 874 mirari,
433 813 594 864 nostrorum
618 797 717 872 autenr‘
735 809 898 878 temporum
921 808 979 862 stu-

111 903 159 962 dia
179 903 308 962 inridere
335 909 421 980 atque
445 903 659 970 contemneret
692 905 772 962 Nam
800 899 878 962 hunc
899 908 979 962 tuum

110 1021 275 1070 sermonem
302 1021 390 1077 saepe
417 1004 535 1078 excepi,
564 1020 641 1071 curn,
669 1003 776 1061 oblitus
805 1008 836 1060 et
855 997 929 1060 'tuae
949 1009 980 1060 et

32 1147 37 1156 .
110 1102 206 1161 fratris
228 1103 270 1162 tui
299 1104 494 1179 eloquentiae,
523 1101 671 1162 neminem
693 1103 749 1161 hoc
771 1107 899 1178 tempore
919 1117 980 1160 ora·

110 1206 203 1261 torem
224 1219 289 1260 esse
309 1203 525 1261 contenderes:
555 1206 641 1276 atque
661 1202 692 1259 id
711 1219 757 1270 eo,
777 1205 876 1270 credo,
893 1200 980 1260 nuda·

110 1303 184 1370 cius,
211 1302 289 1376 qnod
318 1300 508 1376 malignitatis
537 1300 705 1374 opinionem
739 1316 799 1359 non
820 1301 978 1364 verebaris,

110 1417 177 1459 curn
191 1418 259 1458 enm
272 1401 403 1476 gloriam,
418 1417 503 1478 quam
517 1397 570 1458 tibi
582 1400 633 1458 alii
653 1401 827 1472 concedunt,
848 1403 911 1475 ipse
926 1399 979 1458 tibi

111 1500 281 1574 denegares.
790 1486 799 1504 ’

150 1600 258 1674 Neque
290 1599 377 1671 illius,
400 1600 503 1676 inquit,
527 1601 667 1660 sermonis
688 1601 746 1660 mei
769 1599 979 1674 poenitentiam

8 1745 10 1754 s
113 1715 187 1774 ngo;
208 1705 373 1773 nequeant
394 1701 570 1768 Secundum,
581 1705 630 1758 sut
645 1700 820 1768 Maternum,
844 1703 894 1756 aut
908 1700 979 1773 teip-

111 1814 182 1866 sum,
197 1799 289 1872 Aper,
308 1795 494 1875 (quamquam
507 1800 652 1858 interdum
666 1799 698 1857 in
719 1798 895 1856 contrarium
922 1797 979 1856 dis·

9 1957 10 1968 ]
112 1895 209 1975 putes)
229 1897 315 1955 aliter
327 1897 435 1956 sentire
456 1900 551 1956 credo.
592 1899 641 1957 Ac
656 1896 745 1956 velim
756 1894 931 1972 inpetratum
942 1899 979 1954 ab

10 2010 11 2024 ¹
110 1997 208 2072 aliquo
229 2001 410 2065 vestrum'nt
423 2015 540 2056 caussas
551 1997 636 2090 huius
649 1997 782 2056 infinitae
796 1997 978 2056 differentiae

111 2101 255 2154 scrutetur
287 2113 324 2153 oc
352 2097 462 2166 reddet,
492 2115 562 2171 quas
586 2115 700 2156 mecum
727 2096 790 2172 ipse
811 2099 978 2171 plerumque

111 2195 276 2272 conquiro(
301 2194 350 2264 Et,
381 2197 457 2270 quod
484 2197 655 2271 quibusdam
688 2197 793 2255 solatio
825 2202 879 2266 est,
907 2193 979 2254 mihi

111 2299 198 2370 auget
211 2295 423 2369 quaestionem,
436 2295 504 2371 quin
519 2296 616 2364 rideo,
639 2296 728 2354 etiam
743 2296 841 2354 Graiis
855 2297 977 2362 accidis·

111 2411 152 2460 se,
165 2398 198 2451 ut
208 2395 313 2468 longus
325 2393 400 2452 absit
410 2379 561 2453 Aeschine
573 2400 602 2452 et
613 2395 816 2454 Demosthene
827 2413 862 2454 ac
876 2387 983 2454 Sacer?

84 2534 89 2545 .
110 2493 161 2551 dos
172 2494 230 2551 iste
245 2493 378 2562 Nicetes,
392 2482 422 2551 et
432 2493 458 2552 si
471 2493 533 2569 quis
548 2495 621 2552 alius
643 2493 792 2568 Ephesum
813 2497 861 2552 vel
887 2495 977 2566 Mity-

110 2594 191 2650 lenna
218 2597 375 2651 contentus
406 2593 646 2652 scholasticorum
672 2593 848 2652 clamoribus·
874 2595 976 2668 quatit,

135 2767 228 2816 Fratris
238 2769 273 2814 tui
283 2767 436 2874 elopumtiusk
456 2767 512 2820 ouis
521 2768 558 2816 hic
568 2769 684 2819 Messalae
692 2767 783 2818 tuter?
797 2774 853 2830 puto
864 2769 975 2827 Regulum

108 2827 211 2886 intelligi,
222 2827 293 2882 illum,
311 2827 349 2888 qui
359 2843 407 2874 curn
437 2827 492 2874 linio
501 2828 556 2874 vixit
566 2835 590 2874 et
599 2829 673 2875 floruit
688 2829 763 2887 lingna
772 2829 841 2888 magis
850 2843 916 2900 quam
927 2830 975 2874 vite

109 2887 220 2933 laudatos,
252 2886 357 2946 Suspicor
366 2883 489 2933 ex-’Tseito
498 2886 557 2933 Hist.
569 2889 611 2942 lV,
621 2891 656 2934 42.
690 2887 874 2947 Magnomeodse
887 2887 975 2944 pietatis

107 2945 284 3006 &melosque
290 2945 381 3001 samum
393 2945 513 3002 Vipsanius
527 2945 621 2994 uersu
631 2947 720 3004 adeptus
729 2953 766 3004 est,
777 2948 878 2997 umidum
886 2945 973 2996 Senato-

108 3005 143 3051 rs'n
158 3005 459 3062 nemu,c1uusprosretre
476 3006 568 3066 Aquilio
586 3006 675 3064 Regulo
692 3007 813 3065 deprecari.
842 3005 905 3063 aser.
938 3005 973 3053 De

15 3103 16 3120 ,
108 3063 228 3122 Περιιὼν.
240 3063 298 3110 Plin.
310 3063 353 3124 Ep.
367 3068 481 3122 1,⁵.t‚u.

134 3141 298 3202 Sacerdoststel
330 3141 422 3190 Nicetes
437 3143 544 3190 Sacerdos
558 3143 695 3192 declamator
709 3146 790 3194 nobilis
801 3159 828 3193 eo
837 3159 902 3203 sevo,
914 3143 973 3190 Plin-

108 3199 140 3248 ius
150 3201 193 3261 ΒΡ.
205 3201 249 3258 Vl,
259 3204 281 3246 6.
298 3201 385 3248 audisse
399 3216 449 3248 enm
464 3203 553 3250 fatetur.
585 3203 645 3249 Erat
658 3219 703 3251 non
717 3205 864 3252 studiosorum
878 3209 972 3258 tontum,

108 3260 262 3308 verumetiam
271 3260 397 3307 studiorum
406 3262 578 3315 amantissimus,
588 3277 614 3306 cc
625 3277 693 3318 prope
701 3263 798 3321 meotidis
806 3264 836 3306 cd
845 3263 973 3312 audiendos,

109 3324 228 3389 possesse
242 3319 467 3379 aucmentatum,
486 3319 670 3372 Quinctitiasrum
689 3325 709 3364 st
721 3320 859 3365 Sacerdotem
874 3317 976 3362 Ns‘estsm

107 3461 111 3468 '
147 3475 220 3516 von.
242 3475 291 3514 ιιι.
469 3524 472 3532 ⁴
575 3451 639 3511 11*

18 3506 23 3591 l

20 3674 30 3761 l
