2062 3824
422 353 501 400 one.
530 335 589 402 tt.
614 335 675 402 45.
906 333 967 400 101

105 524 159 582 qne
184 507 262 580 apud
296 513 411 565 nostras
441 525 524 565 sures
545 507 748 565 aminabatar:
782 505 824 564 ita
857 505 975 564 lortius·

105 609 151 662 lae
171 607 272 664 mortis
292 608 403 681 grande
417 607 552 663 solatium
566 607 641 674 tulit,
654 605 784 662 evasisse
799 614 974 678 postremum

105 704 175 765 illud
189 715 313 778 tempus,
323 724 380 778 quo
393 707 588 772 Domitianus,
602 723 660 763 non
681 705 739 762 lam
755 723 805 777 per
818 705 974 761 intervalla

106 819 140 859 ao
153 804 333 876 spiramenta
355 809 524 875 temporum,
549 805 600 862 sed
611 803 752 861 contiuuo
766 810 796 860 et
811 806 891 860 velat
915 819 974 860 nno

105 900 172 970 iatri,
187 903 411 973 Romnublinam
432 904 577 960 exhausit.

142 1002 211 1062 Nou
234 1002 310 1060 vidit
335 1001 473 1074 Agricola
492 1005 640 1058 obsessam
661 1003 779 1070 onnam,
793 1007 824 1061 et
843 1005 972 1061 olaosum
984 1009 1020 1068 45

105 1101 188 1158 armis
215 1101 367 1168 Senatum,
391 1109 421 1157 et
448 1101 551 1156 eadem
576 1109 672 1175 strage
700 1107 742 1159 tot
769 1103 972 1160 Consularium

105 1203 218 1267 medes,
230 1205 274 1256 tot
286 1199 527 1256 nobilissimarum
537 1199 707 1257 seminarum
722 1202 826 1260 exsilia
842 1203 971 1275 elfagus.

104 1297 172 1357 Vna
186 1303 283 1357 adhuc
298 1300 420 1356 victoria
436 1301 528 1357 Caras
541 1300 648 1356 Metius
659 1303 840 1368 censebatur,
851 1309 881 1358 et
895 1302 972 1358 iutra

105 1398 253 1456 Albanam
281 1415 379 1455 aroem
406 1398 552 1454 sententia
582 1399 734 1456 Messalini
762 1403 917 1472 strepebat,
942 1404 973 1454 et

104 1494 202 1554 Massa
217 1497 329 1554 Bobius
345 1497 403 1554 iam
418 1504 478 1552 tum
492 1515 556 1553 reus
570 1503 641 1553 erut.
682 1498 754 1554 Mox
770 1505 886 1556 nostrae
900 1501 972 1556 ‹lax-

104 1672 111 1684 '
163 1673 255 1720 militari
274 1673 343 1719 laude
360 1672 505 1728 clarescebat,
522 1673 650 1722 innutritus
666 1675 751 1720 bellicis
767 1674 880 1720 laudibus.
912 1673 972 1722 Vide

122 1733 195 1779 liniam
211 1735 234 1779 in
255 1732 386 1790 Panegyric.
403 1747 428 1778 oa
467 1735 522 1778 liet
540 1737 573 1778 16.
604 1734 655 1778 Jam
675 1745 831 1792 auremsupra
849 1733 972 1778 dictrrmde

101 1789 244 1852 Vespasiano,
257 1793 316 1839 llist.
330 1793 388 1838 Mil
428 1747 476 1838 iar

102 1859 268 1909 saturarentur.

128 1929 298 1986 Romputlicom
313 1929 424 1988 eahrasit]
458 1928 522 1975 Hanc
531 1928 655 1976 Domitiani
670 1928 787 1974 saevitiam
796 1933 861 1975 notat
872 1929 971 1990 indigna-

99 1985 183 2035 tonans
192 1989 311 2035 iuvenalis
321 1989 396 2044 Satyr.
411 1988 450 2034 lV.
464 1990 511 2036 1⁵⁰.
859 2000 862 2004 ’

184 2071 265 2128 Atque
273 2067 357 2112 utinam
367 2067 401 2114 his
410 2068 484 2128 potius
494 2067 556 2124 nugis
565 2074 614 2114 tota
624 2068 664 2114 illa
675 2067 772 2113 dedisset

185 2127 305 2187 Tempora
313 2125 436 2172 saevitiae:
453 2127 525 2172 claras
535 2129 613 2186 quibus
625 2126 716 2172 abstrrlit
731 2126 786 2173 Urbi

185 2186 333 2244 illustresque
342 2186 425 2231 animas
434 2185 531 2245 impune.
541 2192 564 2229 rt
576 2186 664 2232 vindice
673 2186 742 2232 nullo.

185 2245 231 2291 ted
243 2245 318 2304 periit,
343 2255 444 2304 ortqoaur
455 2245 586 2290 cerdonibus
595 2259 643 2290 esse
653 2245 762 2292 timendus

183 2303 315 2362 Coeperat.
384 2303 458 2348 nocuit
472 2304 597 2348 banniarum
609 2305 678 2348 caede
688 2305 796 2352 madenti.

125 2383 240 2430 Oloessnnr
250 2381 347 2442 cumam]
369 2381 434 2428 Haeo
443 2381 555 2438 contigere
565 2397 624 2426 antro
634 2383 701 2428 Urbis
707 2384 811 2430 conditae
820 2399 944 2432 noccxrmr
951 2400 968 2429 ι.

126 2462 167 2508 Tot
178 2460 342 2516 consularium]
376 2461 411 2507 De
420 2461 455 2506 hir
464 2461 616 2506 consularibus
626 2461 677 2508 viris
688 2462 872 2524 nobilissimisque
884 2464 971 2510 leminis

97 2521 146 2568 ride
164 2522 317 2581 appendicem
327 2519 520 2577 chronologicam.
539 2521 613 2580 inqua
624 2521 745 2566 Domitiani
760 2537 793 2566 res
802 2537 967 2583 prosequamur.

98 2579 145 2627 Neo
156 2583 228 2640 pudor
245 2580 288 2623 snit
308 2578 328 2624 T
358 2578 460 2624 Flavium
471 2579 611 2624 Clementem
623 2595 683 2638 rerrrn
698 2581 799 2635 srrhdere,
821 2581 872 2628 linet
882 2583 967 2638 normal,

96 2639 204 2698 Principis
224 2638 312 2694 collega
331 2652 357 2681 aa
372 2638 479 2706 patruelis
497 2639 562 2683 toret.
603 2639 640 2682 Ob
658 2641 808 2688 Christianam
828 2641 967 2697 religionem,

97 2699 231 2756 arguebatur
249 2695 369 2756 impietatis
379 2711 400 2740 tn
411 2697 475 2752 deam
494 2697 587 2756 ideoque
607 2697 675 2742 terme
686 2699 707 2744 in
720 2700 766 2760 ipso
783 2701 897 2744 consulatu
908 2702 964 2746 inte·

96 2763 201 2817 romptus.
234 2755 343 2800 Elamrlem
353 2754 382 2797 nb
399 2769 486 2800 eausam
499 2755 577 2799 Flavia
595 2755 712 2802 Domitilla
722 2759 767 2816 ejus
779 2760 861 2804 rrxnrin
877 2759 964 2806 Panda-

95 2818 172 2861 tariam
184 2814 279 2859 insulam
291 2813 396 2868 relegata,
413 2820 436 2858 ut
450 2822 473 2858 et
489 2815 510 2858 in
529 2813 630 2860 Pontiam
646 2816 716 2861 altera
731 2819 860 2873 ·Dornitilln,
879 2819 965 2878 pariter

95 2874 173 2920 llario
191 2873 298 2929 sanguine
312 2879 370 2916 orta.
403 2873 471 2917 Nulla
492 2887 516 2917 re
536 2873 604 2927 urania
624 2873 765 2922 Domitianus
781 2878 901 2923 maturavit
919 2877 962 2923 sibi

94 2934 191 2988 enitum3
207 2932 259 2976 licet
277 2937 299 2976 et
317 2931 373 2975 alias
389 2931 495 2976 nobilium
512 2933 592 2976 caedes
602 2931 710 2980 ediderit:
727 2951 781 2996 quas
799 2936 858 2982 inter
876 2937 962 2983 Acilius

94 2991 188 3039 Glabrio
197 2989 319 3036 oorrsularir
334 2997 355 3032 et
372 2991 432 3035 exsul
447 2990 530 3035 occisus
547 2996 582 3036 est
599 3000 623 3036 ut
643 3007 717 3040 rerurn
738 3008 844 3042 novarum
862 2997 958 3042 molitor.

92 3051 146 3112 App.
160 3050 245 3096 Ctrroo.
258 3062 307 3108 pag.
318 3053 369 3096 saa.
925 3083 928 3088 -

120 3131 233 3176 Albanum
243 3127 324 3186 arcem]
359 3127 447 3180 nitunt.
466 3141 522 3172 nrrno
538 3129 631 3185 Albano,
648 3131 840 3178 addrmdeoimum
852 3135 879 3180 ab
895 3134 960 3180 Urbe

92 3187 114 3236 ls
129 3187 246 3243 idrnr,ria
264 3187 338 3246 appia,
360 3191 456 3241 arserat,
471 3201 509 3232 serr
524 3188 614 3244 egregia
636 3189 756 3235 Domitiani
768 3192 828 3238 villa.
862 3195 960 3240 Manent

121 3251 163 3293 turc
177 3246 313 3306 arnplissima
329 3246 375 3302 ajars
390 3247 477 3299 rudera,
497 3259 554 3306 quae
573 3247 721 3293 summitatem
739 3250 826 3301 montis,
846 3252 884 3296 ubi
900 3253 959 3298 Alba

92 3315 145 3353 erat,
158 3305 303 3366 pertingam
319 3304 451 3406 egregiague
471 3309 548 3348 extant
562 3306 655 3359 vestigia
671 3309 694 3349 in
710 3307 835 3363 Principum
856 3311 958 3353 Barbert

92 3380 169 3412 aorrrm
186 3364 264 3410 hortis.
295 3363 357 3408 Viale
365 3377 403 3409 eru
421 3363 475 3406 itum
486 3362 641 3413 arundinum,
655 3361 722 3404 Vetus
732 3362 832 3417 batim
843 3363 909 3408 Tum,
926 3365 958 3406 lt.

11 3409 12 3428 Χ
92 3439 140 3486 pag.
156 3426 203 3471 too.
237 3421 273 3468 De
283 3422 325 3466 lsao
335 3419 519 3471 attelanensis,
530 3420 606 3470 satyr.
621 3417 659 3460 tv.
675 3420 721 3460 lto.

330 3483 391 3548 Quos
405 3496 513 3541 Albanam
524 3493 568 3536 dux
577 3503 668 3542 maanus
678 3489 701 3530 in
708 3499 783 3532 urcem

209 3559 323 3604 Traxerat
330 3555 448 3610 attonitos,
459 3557 482 3596 et
490 3549 596 3593 festinare
605 3548 703 3588 coartor.

125 3659 200 3700 rur..
221 3655 272 3697 nr.
513 3621 562 3677 ⁹*

446 1768 450 1775 Ι
477 1793 561 1851 atqui
579 1791 739 1848 Vespasianum
754 1797 775 1837 st
790 1805 852 1836 orma
869 1792 974 1840 Orientis
