2052 3842
93 178 140 266 §8
354 199 442 249 trun
467 199 589 250 scaro.
614 199 704 250 vrrs

91 374 153 416 rem
177 354 335 416 Caesarum
349 355 468 432 munit:
488 374 562 432 ‹prse
583 355 736 432 Equestria
755 355 895 414 nobilitas
909 358 973 416 cst.

91 457 181 516 Pater
216 457 304 514 lulius
338 455 511 523 Graecinus,
545 455 692 514 Senatorii
715 457 836 522 ordinis,
865 457 974 516 studio

91 555 276 630 eloquentiae
307 554 525 630 sapientiaeque
552 561 646 620 notus,
678 555 771 629 iisque
808 555 975 614 virtutibus

91 655 164 714 iram
180 655 247 714 Caii
262 655 396 714 Caesarie
411 655 538 714 meritus.
560 672 682 730 natuque
698 655 741 712 tlt.
769 655 903 712 Silanum
917 657 977 712 ad·

92 772 195 814 cusare
229 739 326 812 iuesua'
354 761 393 822 et,
427 755 495 830 quia
532 756 681 821 abnuerat,
708 755 875 812 interiectus
911 761 976 813 est.

94 853 193 914 Mater
208 855 283 912 Iulia
308 855 435 912 Procilla
458 855 522 924 tuit,
545 873 625 912 rarae
649 855 802 912 castitatis.
824 854 854 914 in
879 855 976 914 huius

93 956 159 1016 sinu
183 957 419 1032 indulgentiaque
442 958 590 1023 educatus,
617 974 668 1030 per
694 973 810 1014 omnent
829 957 976 1014 honesta-

93 1073 156 1114 rum
170 1057 274 1114 artium
288 1059 397 1114 cultum
412 1055 563 1130 pueritiam
574 1053 858 1130 adolescentiamque
873 1063 977 1114 trane-

94 1156 162 1230 egit
208 1158 337 1214 Arcebut
359 1173 425 1212 eum
440 1158 477 1212 ab
499 1155 653 1212 inlecebris
678 1153 870 1228 peccantium,
887 1173 979 1226 rarae·

95 1259 140 1314 ter
160 1254 250 1328 ipsine
264 1257 370 1312 bonam
391 1254 589 1330 integramque
609 1260 750 1320 naturam,
771 1255 844 1328 quod
866 1254 978 1312 statim

95 1356 233 1428 parvulus
241 1355 341 1412 sedern
350 1371 385 1410 ac
397 1354 562 1428 magistram
573 1353 731 1412 studiorum
744 1353 907 1410 Massiliam
917 1353 978 1410 ha-

96 1453 200 1520 buerit,
214 1455 311 1510 locum
331 1453 447 1512 Graeca
470 1455 610 1512 comitate
634 1459 665 1510 et
690 1452 864 1526 provinciali
879 1453 978 1524 parai-

96 1552 195 1612 monia
223 1553 338 1610 misturn
362 1571 398 1610 ac
418 1555 493 1610 bene
517 1553 719 1626 compositum.
749 1552 906 1615 ,Memoria
928 1559 978 1610 tc·

96 1670 164 1720 neo,
179 1653 295 1710 solitum
309 1653 403 1726 ipsum
418 1669 542 1710 narrare.
557 1661 605 1708 ‘ee
620 1653 650 1708 in
666 1653 756 1723 prima
771 1652 892 1708 inventa
906 1657 973 1709 stu·

96 1751 197 1832 “dium
211 1751 412 1826 philosophiae
425 1752 528 1820 acrius,
542 1755 712 1825 ultraquam
723 1769 894 1808 concessum
910 1751 976 1808 Ro·

97 1856 205 1910 ‘mano
217 1869 254 1910 ae
269 1852 415 1919 Senatorl,
428 1852 567 1919 henaim,
582 1851 613 1908 ni
635 1851 786 1924 prudentia
808 1850 906 1908 matria
925 1849 977 1908 in·

99 1957 236 2010 ‘censum
251 1968 287 2010 ue
298 1951 606 2026 flagrantemnuituunr
617 1948 812 2008 coercuisset.'
834 1949 977 2020 Scilicet,

96 2051 219 2109 sublime
233 2056 263 2106 et
276 2058 406 2108 erectum
427 2051 576 2124 ingenium
598 2050 841 2122 pulchritudinem
855 2066 890 2106 ue
906 2067 977 2122 spe·

95 2147 172 2207 eiern
184 2151 321 2206 excelsae
337 2167 516 2224 magnaeque
527 2151 636 2224 gloriae
652 2149 865 2216 vehementius,
880 2166 974 2222 quam

96 2254 192 2316 cante,
225 2250 390 2322 adpetebat.
426 2267 494 2308 mox
527 2249 673 2324 mitigavit
702 2249 776 2306 ratio
807 2253 837 2306 el
864 2255 974 2306 aetas:

96 2346 282 2424 retinuitque,
315 2350 390 2426 quud
427 2354 472 2406 est
503 2348 715 2416 difficillimum,
750 2367 788 2405 ex
824 2347 976 2420 sapientia

96 2448 223 2506 mudum.

96 2609 183 2656 toribus
193 2613 217 2654 et
235 2607 358 2670 publicanis
368 2609 450 2658 dictum
468 2625 534 2671 supra
547 2609 627 2656 Annal.
646 2607 700 2657 xit.
720 2613 756 2658 tto.
787 2609 892 2656 ‘Eodem
911 2621 977 2654 anne

97 2673 151 2716 ‘eae
168 2671 201 2716 iur
210 2670 288 2714 audita
298 2685 341 2716 vox
357 2669 472 2730 Principia,
483 2684 558 2730 parent
569 2669 613 2714 virn
626 2685 697 2714 rerum
709 2669 832 2715 habendam
844 2680 977 2738 aprocrrra·

98 2729 157 2774 lton
189 2729 259 2774 nstris
276 2729 435 2786 judicaturum,
446 2745 472 2774 ac
490 2728 508 2774 ei
525 2729 573 2788 ipse
587 2731 719 2774 statuisset!
752 2731 775 2774 lu
792 2725 976 2784 minoribueqni-

96 2787 206 2832 ‘nundum
225 2789 352 2848 provinciis,
363 2796 386 2834 ut
398 2790 419 2834 in
434 2789 529 2840 Judaea,
547 2795 702 2848 procuratores
716 2787 892 2846 jurisdictionem
911 2783 976 2830 obti-

96 2849 205 2894 ⁸nebant
236 2848 302 2898 Quod
312 2848 565 2908 omnibuscnmpertum.
867 2855 868 2858 ’

127 2923 239 2984 Interius
254 2927 307 2973 sinu
323 2927 518 2988 indulgentiaque]
550 2925 586 2974 De
605 2927 647 2973 hac
664 2925 749 2986 optima
760 2924 901 2970 institutione
918 2925 974 2974 vide

97 2985 255 3044 iulraDtalog.
275 2987 377 3032 deliret.
401 2987 512 3035 XXVlll.
544 2987 608 3032 ‘Jam
628 2986 732 3046 primum,
751 3000 801 3031 suus
816 2984 850 3030 cui
867 2983 976 3041 tretilius,

98 3045 214 3090 ‘exeant-a
235 3053 328 3103 parente
347 3051 418 3100 natue,
437 3062 480 3092 non
499 3046 522 3093 in
541 3046 698 3106 cellaenrptae
714 3044 813 3094 nutricis,
825 2998 864 3089 sel
884 3045 975 3099 grentio

98 3104 143 3149 ‘ac
151 3103 199 3148 sinu
210 3105 287 3150 matris
298 3104 442 3157 educabatur,
453 3105 514 3161 cujus
532 3107 651 3166 praecipua
670 3105 718 3152 lans
726 3111 783 3151 erat,
794 3102 852 3148 tueri
871 3103 973 3162 domum,

98 3167 105 3192 ¹
116 3167 139 3207 et
148 3161 254 3208 inservire
265 3163 347 3209 liberis.
382 3165 513 3222 Eligebatur
523 3175 596 3210 nutem
607 3164 682 3224 aliqua
691 3163 761 3221 major
773 3167 826 3208 uatn
837 3161 973 3222 propinque,

98 3222 176 3277 ‘cujus
190 3221 292 3291 prohetia
302 3223 450 3283 spectatisque
460 3225 558 3272 moribrrs
572 3225 642 3269 omnis
659 3225 757 3282 eiusdem
768 3221 867 3267 familiae
881 3220 973 3268 soboles

98 3284 300 3367 :committeretua
319 3295 393 3351 corarn
413 3297 457 3342 qua
467 3297 538 3342 neque
548 3281 623 3328 dicere
632 3284 665 3352 tas
680 3289 737 3336 erat,
753 3282 812 3342 quod
824 3285 889 3342 turpe
899 3279 973 3352 dictu,

100 3340 974 3460 ·lutulendantutta,ttt0tttntttnttfnttt:

101 3457 214 3516 ‘quadam
222 3470 247 3498 ac
258 3457 392 3502 verecundia
403 3459 562 3516 temperabat’

129 3538 170 3585 lde
177 3536 283 3596 rapienda
293 3537 392 3597 undum]
424 3537 528 3585 Summae
538 3547 560 3584 et
572 3539 685 3598 perlectae
700 3539 823 3602 sapientiae
833 3541 874 3596 est,
894 3537 932 3586 rel
952 3538 976 3587 ἰι
