2062 3824
7 263 11 281 .
93 175 164 244 tlt
276 191 324 242 ne
352 189 581 240 caaroarare
607 189 787 244 ursaceus

7 283 9 300 ’-
1022 277 1023 308 l

1022 325 1023 380 t

89 365 157 410 trem
170 347 276 406 relect:
295 365 328 406 se
341 349 418 421 apud
444 347 482 419 Q.
505 345 638 407 Mucium
662 347 706 405 ius
727 347 820 406 civite
845 347 972 408 didicis·

7 433 9 500 ἓ
88 465 143 517 ως
173 449 250 521 apud
272 447 428 504 Philonem
449 446 673 514 Academicum,
697 447 774 520 apud
802 447 970 508 Diodotum

7 545 9 550 ’
87 547 222 606 Stoicum
235 546 330 606 omnis
346 545 546 620 philosophiae
561 551 657 618 partes
672 545 786 618 penitus
810 532 966 606 hausisse:
1022 539 1023 618 ¹

87 663 182 722 neque
207 647 252 703 his
275 646 442 704 ductoribus
470 649 794 720 contentum,quoruo1
821 646 852 703 ei
878 648 968 720 copia

87 745 119 804 iu
134 749 202 804 urbe
216 745 388 818 contigerat,
411 743 557 802 Achaiam
584 761 697 817 quoqne
712 749 742 802 et
764 745 870 803 Asiam
885 763 967 820 pera·

7 845 8 852 ’
87 863 194 922 grasse,
220 851 251 901 nt
273 861 391 901 omnem
415 843 546 900 omnium
568 845 673 901 artium
690 845 866 902 varietatem
887 863 967 906 com-

88 947 273 1020 plecteretur.
315 944 418 1017 ltaque
444 943 606 1000 herculein
629 943 709 1000 libris
734 943 892 1016 Ciceronis
917 947 967 1003 de·
1022 1019 1023 1030 ἵ

88 1047 269 1118 prehendere
297 1043 376 1112 licet,
411 1059 469 1099 non
505 1042 694 1117 geometriae,
731 1059 790 1100 non
822 1045 965 1112 musicae,
1022 1033 1023 1124 ¹

88 1161 147 1201 aun
169 1142 386 1217 grammaticae,
414 1159 472 1198 non
493 1143 619 1216 denique
644 1142 731 1199 ullius
750 1142 905 1216 ‚ingenuae
927 1161 969 1202 ar·
1022 1163 1023 1200 t

87 1241 126 1300 lia
144 1242 299 1298 scientiam
313 1241 341 1297 ei
363 1241 498 1298 defuisse.
541 1243 596 1298 llle
618 1241 794 1299 dialecticae
818 1243 966 1302 subtilitat-
1022 1203 1023 1292 ¹

87 1343 221 1406 tamilla
238 1339 356 1398 muralis
381 1340 469 1412 partie
485 1340 651 1408 utilitatem,
674 1341 726 1398 ille
745 1356 840 1398 rernm
866 1349 963 1399 motus

86 1456 270 1513 caussasque,
282 1439 433 1512 cognovit.
475 1441 521 1497 lta
540 1440 619 1497 enirn
634 1445 687 1505 eat,
711 1441 815 1512 optimi
830 1441 898 1506 viri,
919 1441 963 1499 ita
1022 1453 1023 1526 t

84 1557 124 1596 ea
140 1541 229 1596 multa
252 1537 423 1606 eruditione,
437 1557 475 1594 ex
491 1540 619 1611 pluribus
644 1540 763 1606 artibus,
784 1545 815 1596 el
829 1539 961 1598 amatium
1022 1535 1023 1592 ἰ

87 1655 181 1696 rerum
204 1638 339 1701 scientia,
353 1639 485 1702 exundat
499 1645 529 1694 et
551 1639 755 1696 exuberalilla
780 1639 960 1698 admirabilis
1022 1619 1023 1678 ¹

86 1738 273 1812 eloquentia:
309 1754 403 1810 neque
439 1738 560 1794 oratoris
588 1738 634 1794 vie
666 1744 697 1794 et
723 1737 855 1804 tenuitas,
881 1733 962 1797 aicul
1022 1749 1023 1800 t

86 1843 248 1895 ceterarum
263 1853 364 1904 rerum,
387 1838 516 1910 angustis
539 1843 569 1894 et
590 1839 726 1894 brevibus
745 1837 878 1894 terminis
901 1840 962 1896 cln-
1022 1855 1023 1880 ³

56 1989 59 2002 ,
86 1936 186 2004 ditur;
207 1937 258 1992 aed
286 1937 310 1994 is
335 1942 380 1992 sal
408 1943 512 2000 oratur,
536 1936 585 2010 qni
612 1936 650 1992 de
677 1935 756 1992 omni
787 1936 959 2010 questione
1022 1979 1023 2012 5

87 2037 187 2108 pulcre
208 2041 237 2091 el
259 2041 360 2091 ornate
385 2041 414 2090 et
442 2036 478 2092 ad
503 2036 731 2105 persuadendum
755 2041 824 2107 apte
849 2035 961 2103 dicere,

87 2152 139 2216 pro
162 2133 305 2207 dignitate
333 2151 436 2199 rerum,
460 2133 495 2190 ad
512 2133 667 2190 utilitatem
695 2141 865 2206 temporum,
892 2151 960 2194 cum
1022 2157 1023 2222 ᾗ

87 2236 238 2306 voluptate
253 2234 433 2290 audientium
457 2235 555 2307 possit.
598 2233 682 2290 Haec
698 2233 761 2290 eibi
776 2232 822 2292 illi
842 2241 958 2293 veteres
1022 2273 1023 2276 =

85 2333 307 2408 persuadebant.
648 2324 653 2327 ¹
809 2311 815 2320 ¹

30 2429 69 2490 31
155 2432 203 2490 Ad
244 2433 317 2488 haec
344 2430 499 2488 efficienda
525 2430 732 2504 intelligebant
773 2448 846 2504 opus
883 2449 960 2500 esee,

85 2549 145 2591 noo
170 2538 201 2590 ut
228 2533 372 2590 rhetorum
407 2532 438 2588 in
466 2529 574 2590 curbolio
600 2533 809 2597 declamarent,
837 2549 894 2588 uec
927 2536 960 2589 ut
1022 2591 1023 2596 ,

83 2633 169 2696 fictie,
197 2635 333 2689 neculto
357 2632 443 2687 modo
477 2633 514 2686 ad
552 2631 712 2688 veritatem
747 2631 958 2688 accedentibus
1022 2617 1023 2702 ¹

85 2732 304 2792 controversiis,
320 2731 448 2804 linguam
463 2731 549 2786 modo
571 2735 600 2786 et
628 2747 732 2786 rocem
760 2729 957 2801 exercerent3
1022 2775 1023 2808 Ξ

85 2832 135 2888 sed
162 2830 262 2887 uthis
287 2831 394 2886 artibus
418 2839 518 2902 pectus
555 2829 764 2904 inplorantia
789 2829 893 2902 quibua
919 2831 958 2887 de

85 2930 169 2988 bonis
196 2945 231 2985 ac
258 2930 351 2993 malis,
379 2931 416 2986 de
439 2929 565 2984 honesto
587 2946 622 2986 ac
654 2928 739 3011 turpi,
766 2930 803 2986 de
825 2929 903 2986 iusto
926 2934 958 2988 el

85 3029 194 3102 injusto
207 3027 376 3099 disputatur.
421 3026 504 3083 Haeo
532 3026 611 3084 enirn
638 3035 681 3084 est
710 3027 817 3084 oraturi
845 3029 959 3087 subiec-
1022 3047 1023 3050 ’

84 3134 115 3188 ta
139 3129 176 3183 ad
200 3126 355 3182 dicendum
380 3125 510 3182 materia.
553 3127 629 3182 Nam
654 3127 683 3183 in
705 3125 822 3183 iudiciis
845 3127 959 3186 let-cde
1022 3149 1023 3184 t

84 3225 241 3300 aequitate,
264 3224 295 3280 in
317 3221 573 3282 deliberationibus
598 3227 635 3281 de
650 3227 803 3282 laonealate
821 3227 959 3298 dicimus,
1022 3221 1023 3248 ¹

85 3324 126 3380 ila
151 3329 181 3378 nt
196 3324 363 3396 plerumque
384 3324 457 3380 haec
471 3323 534 3394 ipsa
555 3323 685 3382 invicem
701 3325 897 3384 misceantur:
918 3329 958 3384 dc
1022 3303 1023 3350 ¹

84 3421 186 3498 quibua
197 3419 315 3494 copiose
329 3426 360 3479 et
374 3421 455 3480 varie
469 3429 499 3482 at
512 3427 614 3482 ornate
629 3438 716 3482 nemo
737 3425 839 3484 dicere
851 3431 961 3501 puteat,
