2062 3824
65 241 135 308 tlt
175 327 178 334 .
247 261 293 308 un
319 261 547 308 onnrcnurva
572 261 750 311 orunocve

6 439 7 448 ¹
64 413 205 470 tamiuum
229 414 337 478 rudem,
363 414 496 471 Helvidii
515 415 800 488 eapientinmeiurit.
843 415 935 476 utun

64 513 101 569 de
117 513 241 568 utilitate
256 530 313 568 nou
340 513 417 582 dico,
441 514 490 570 eui
517 514 592 586 parti
619 516 738 574 minime
765 515 932 574 contradic·

67 615 158 668 turum
175 609 337 668 Maternum
352 628 448 668 meum
460 612 591 670 arbitror.

36 695 55 752 Β
123 709 170 766 Ad
204 710 381 780 voluptutem
414 709 556 767 oratoriae
590 709 775 784 efoqueotiee
808 715 937 778 trenreo,

66 805 148 864 cuiun
162 806 325 866 iucunditas
348 823 406 864 non
428 824 486 864 uno
509 808 606 882 atiquo
628 816 785 876 momento,
808 811 860 866 red
874 825 936 866 om·

66 906 151 963 nibus
166 923 252 978 prope
264 904 375 972 diebus,
388 911 419 962 et
432 922 519 978 prope
532 905 666 964 omnibus
676 907 763 974 horit,
777 905 935 980 contingit.

67 1004 145 1077 Quid
159 1005 238 1062 enim
264 1005 377 1062 dotciua
398 1004 489 1062 libem
510 1009 539 1060 at
563 1003 691 1078 ingenuo
717 1005 816 1062 animo
841 1011 872 1062 et
895 1005 934 1061 ad

68 1106 233 1176 voluptates
246 1103 382 1161 honertar
396 1109 475 1187 nato,
488 1120 574 1178 quam
596 1105 698 1162 videre
721 1107 837 1178 plenam
859 1121 936 1162 rem·

68 1219 119 1274 per
145 1208 175 1258 et
190 1201 368 1276 frequentem
390 1203 507 1260 domum
526 1219 668 1260 concurro
689 1202 936 1276 eptenotutoimo

68 1317 129 1356 rum
149 1296 319 1359 hominum?
338 1299 424 1376 idque
437 1301 512 1358 rcire
537 1318 596 1358 uon
621 1301 773 1374 pecuniae,
787 1300 936 1360 nonorifi-

59 1397 132 1478 quati,
153 1415 246 1472 neque
269 1397 359 1456 officii
379 1398 502 1456 elicuiur
524 1399 778 1466 administrationi,
800 1401 852 1456 red
876 1397 936 1456 ritui

70 1493 230 1570 inrideri?
250 1496 317 1554 iiior
337 1497 467 1572 quinimo
490 1499 575 1553 orbor
594 1503 624 1554 et
652 1499 811 1570 locupieter
835 1503 865 1554 et
886 1514 937 1570 no-

71 1601 164 1652 tenter
181 1594 281 1652 venire
299 1596 464 1670 pierumque
478 1596 514 1653 ad
528 1595 667 1653 iuvenem
683 1601 712 1652 et
726 1611 890 1669 pauperem,
903 1599 939 1652 ut

70 1699 119 1750 aut
145 1710 207 1760 aua,
242 1700 291 1750 eut
327 1693 485 1752 amicorum
518 1693 687 1755 dirorimina
719 1694 938 1754 commendent.

70 1791 181 1850 Viiune
196 1797 277 1848 touta
300 1791 462 1866 ingentium
482 1809 568 1865 onum
582 1809 617 1850 ac
639 1809 762 1866 magnae
786 1791 939 1866 potentiae

71 1891 214 1964 voluptas,
238 1907 323 1964 quam
337 1896 468 1964 rpectere
482 1891 613 1950 hominen
635 1897 749 1948 veteres
763 1900 791 1948 et
805 1908 892 1948 renea
905 1893 938 1948 et

71 1989 158 2046 totino
171 1989 247 2046 urbis
261 1990 353 2062 gretie
367 1991 515 2055 rubninou
530 1990 561 2048 in
575 2006 685 2049 summa
698 1990 826 2048 omnium
841 2005 938 2051 rerum

71 2087 257 2150 abundantia,
271 2087 453 2153 confitenter,
470 2088 499 2145 id
514 2090 589 2162 quod
609 2089 749 2162 optimum
763 2089 810 2150 eit,
823 2105 855 2144 ee
874 2105 939 2148 ncta

71 2181 207 2241 habere?
247 2185 308 2240 iam
336 2201 416 2254 vero,
443 2187 491 2259 qui
525 2193 684 2261 togatorum
717 2187 870 2246 comitatur
905 2190 939 2244 ef

71 2286 218 2356 egressor!
240 2299 312 2356 quae
334 2282 364 2340 in
393 2284 509 2356 publico
523 2287 653 2357 epeoiee!
674 2303 748 2360 quoe
762 2285 792 2342 in
819 2283 938 2344 iudiciis

72 2380 240 2438 veneratio!
261 2381 336 2454 quod
350 2381 484 2454 gaudium
507 2385 699 2457 consurgendi
720 2383 940 2456 adsistendique

71 2477 302 2546 intermontes,
325 2479 355 2536 in
379 2497 466 2538 unum
485 2499 664 2538 conversor:
685 2483 764 2539 coire
789 2484 940 2554 poputum,

71 2583 102 2634 et
116 2576 307 2634 circumfundi
321 2595 467 2646 coronam,
481 2587 511 2635 et
534 2580 668 2652 accipere
682 2581 826 2638 adfectum
840 2597 941 2653 quem

71 2691 193 2750 cumque
206 2682 302 2732 orator
323 2677 466 2734 induerit!
488 2677 617 2752 Vulgata
640 2678 799 2736 dicentium
820 2679 940 2752 gaudia,

71 2781 101 2832 et
128 2775 315 2847 inperitorum
338 2793 451 2850 quoque
479 2776 571 2833 ocutia
598 2778 742 2849 exposita,
769 2793 941 2850 percenseo.

72 2875 128 2934 iffa
152 2873 315 2941 secretiora,
340 2879 371 2929 at
393 2880 503 2930 tantum
524 2875 595 2946 ineis
618 2875 766 2932 orantibus
786 2881 863 2942 nota,
878 2892 939 2932 ma·

72 2971 133 3029 iore
147 2977 221 3028 runt.
259 2971 331 3028 Sive
353 2973 518 3032 adcuratum
533 2974 760 3048 meditatamque
774 2973 865 3029 adfert
876 2990 940 3030 ora-

74 3071 199 3140 tionem3
219 3075 262 3128 eet
284 3071 424 3143 quoddam
443 3071 518 3128 sicut
540 3072 628 3143 ipsius
642 3072 789 3137 dictionis,
804 3071 845 3127 ita
869 3089 939 3145 gau·

73 3169 123 3230 dii,
139 3169 248 3239 pondus
269 3173 299 3223 et
313 3168 496 3224 conateutiu:
513 3169 581 3230 eive
605 3187 711 3226 novam
733 3175 762 3226 et
788 3177 940 3229 recentem

73 3281 171 3323 curam
186 3283 242 3321 non
264 3265 327 3321 eine
342 3265 437 3336 utique
459 3267 651 3338 trepidatione
666 3267 755 3324 animi
780 3268 918 3328 adtulerit
932 3289 943 3340 ς

102 3415 207 3464 Heluidii
215 3415 344 3473 rupicum
354 3415 428 3476 rfuait]
460 3415 542 3464 Confer
551 3418 611 3466 Hirr,
623 3419 664 3479 Ν,
674 3422 696 3467 c.
727 3418 798 3468 cren.

103 3493 209 3558 Οτῠίωὴ]
240 3494 323 3544 Confer
332 3493 431 3542 dictand
440 3497 499 3543 Anu.
512 3497 554 3555 itt,
564 3499 600 3546 2⁵.
