2062 3824
398 209 476 296 ona.
503 186 671 257 40.-ta.
765 282 768 290 ι
885 178 936 254 97
1022 205 1023 230 ¹

105 359 213 422 Crebro
231 379 286 438 per
306 379 361 421 eos
389 363 454 421 alies
484 365 560 438 apud
595 361 797 422 Domitianum
828 355 982 419 sbsenril
1013 416 1016 429 ,

70 460 228 530 emunctae,
250 465 358 520 abeam
378 463 527 520 absolutus
547 467 601 520 ert.
621 479 724 520 caussa
739 463 861 535 periculi
876 479 935 520 nou

71 562 176 620 sumen
205 565 308 630 ullum,
339 570 388 620 ant
417 565 534 637 querela
569 561 641 620 laesi
671 561 850 636 cuiusquam,
883 561 935 619 sed
1017 566 1020 607 ἱ

71 657 195 718 intensus
219 662 375 719 virtutibus
396 661 547 736 Princeps,
568 667 598 719 et
618 662 709 735 gloria
732 661 796 726 viri,
817 677 852 717 ac
875 677 936 734 pes·

71 759 363 819 simuminimicorurn
377 777 478 834 genus,
499 763 659 818 laudantes.
702 761 739 818 Et
753 777 787 817 ea
804 761 936 816 insecuta

70 865 131 915 aaut
145 861 339 932 Reipublicae
354 867 493 934 tempora,
507 877 580 933 quae
595 857 675 916 sileri
694 858 860 932 Agricolam
878 875 936 916 utra

73 957 214 1016 omnent:
237 964 282 1016 tot
296 960 441 1015 exercitus
456 958 486 1015 in
504 959 616 1015 Moesia
641 959 800 1032 Daciaque,
821 963 850 1015 et
866 959 937 1015 Ger-
1024 1005 1025 1012 ,

74 1057 164 1114 mania
194 1058 414 1131 Pannoniaque,
435 1059 599 1115 temeritate
626 1063 675 1114 ant
710 1076 760 1130 per
788 1057 938 1132 ignaviam
1024 1083 1025 1088 ¹

72 1153 184 1214 Βικιιιιι
198 1157 320 1214 amissi:
341 1165 382 1213 tot
398 1157 537 1214 militares
554 1155 608 1212 viri
629 1171 695 1212 cum
711 1163 753 1213 tol
771 1157 937 1217 cohortibus

70 1256 226 1330 expugnati
249 1263 280 1312 et
301 1257 398 1326 capti:
429 1265 483 1312 neo
509 1255 567 1312 iam
589 1257 626 1312 de
654 1256 745 1312 limite
767 1256 886 1329 imperit
907 1259 938 1314 el

70 1353 135 1426 ripa,
148 1356 202 1411 seri
216 1356 256 1410 (le
267 1355 396 1410 hibernis
412 1355 557 1425 legionum
571 1363 601 1410 et
623 1354 813 1426 possessione,
827 1355 938 1412 dubita·

71 1457 135 1510 bnt.
179 1455 234 1522 lta,
249 1470 316 1508 eum
331 1453 437 1509 damna
458 1453 572 1509 damnis
587 1455 835 1518 continuarentur,
851 1463 938 1528 atqtre

71 1553 160 1609 omnis
175 1569 271 1608 annus
285 1550 432 1607 toneneas
446 1559 475 1607 et
499 1551 631 1607 cladibus
654 1552 847 1626 insigniretur,
877 1569 939 1625 pros·

71 1653 188 1708 cebatnr
214 1667 265 1706 ore
301 1649 380 1723 voigi
407 1651 476 1706 llna
508 1651 668 1724 Agricola:
703 1653 938 1724 comparantibus

70 1751 182 1807 cunctis
198 1751 341 1822 vigorem,
351 1749 555 1815 constantiam,
570 1757 600 1804 et
614 1757 765 1822 expertum
782 1751 865 1806 bellis
880 1751 940 1807 ani·

71 1863 153 1918 muns
169 1865 240 1906 cnm
254 1847 362 1904 inertia
383 1853 412 1922 et
436 1849 590 1904 tormidine
614 1857 786 1904 ceterorum.
830 1849 941 1920 Quibus

72 1950 254 2006 sermonibus
283 1948 355 2004 eatis
375 1953 491 2004 constat
529 1947 693 2004 Domitiani
722 1965 833 2022 quoque
860 1963 942 2006 aures

70 2052 247 2113 verberatas,
262 2047 330 2102 alum
346 2047 471 2119 optimus
486 2045 604 2120 quisque
619 2047 785 2103 libertorum
800 2065 897 2104 amore
912 2051 943 2105 et

68 2147 133 2212 title,
155 2145 277 2219 pessimi
293 2145 473 2218 malignitate
488 2152 517 2200 et
543 2147 644 2211 livore,
661 2139 780 2218 p'ronum
795 2145 943 2204 deteriori·

72 2247 124 2302 bus
139 2245 313 2317 Principem
327 2243 564 2300 exstimulabant.
608 2245 659 2301 Sic
690 2246 840 2318 Agricola,
854 2247 941 2303 simul

69 2345 127 2401 artis
143 2344 311 2407 virtutibus,
325 2342 409 2398 simul
426 2342 507 2397 vitiis
521 2343 654 2410 aliorum,
668 2343 699 2400 iu
715 2345 807 2417 ipsam
821 2345 959 2420 gloriam
989 2318 1025 2382 A·

69 2459 211 2518 praeceps
227 2443 375 2516 agebatur.

111 2541 256 2600 Aderat'
247 2557 306 2596 tarn
327 2556 428 2604 annus,
447 2557 507 2613 quo
535 2505 775 2598 Proconsulatnm
801 2541 892 2600 Asiae
913 2547 943 2600 cl
956 2527 997 2604 ‹t's

71 2639 192 2702 Airi'cae
207 2639 366 2722 sortiretur,
380 2644 410 2694 et
423 2638 522 2696 occiso
544 2637 650 2697 Civica
672 2658 773 2712 nuper,
788 2659 844 2700 nec
858 2640 945 2717 Agri·

73 2813 247 2924 ¹Eapngrrntr']
279 2813 314 2860 lta
329 2825 416 2874 quoqne
426 2811 494 2860 verbo
512 2827 640 2910 aepugrrure
650 2829 700 2862 usus
719 2817 754 2860 est
772 2815 890 2863 Lucretius
900 2815 941 2866 tv.

227 2931 302 2984 Renes
311 2935 446 2991 expugnant
454 2903 579 2991 capiuntur,
590 2931 676 2992 proelia
685 2932 787 2981 miscent.

99 3011 201 3072 Etn'pul
234 3011 294 3070 Ripa
309 3009 405 3056 Danubii
415 3015 439 3055 et
447 3010 530 3066 ereni,
541 3012 578 3072 qrri
586 3013 666 3057 eraut'
660 3013 747 3072 rnrperit
741 3011 846 3061 'limites

100 3093 212 3148 Praeceps
221 3089 338 3151 agebatur]
371 3089 480 3150 Praeceps
491 3105 519 3136 ae
527 3091 646 3150 periturus.

99 3170 235 3228 sortiretur]
268 3168 456 3215 Duoconsulsres
472 3167 616 3230 antiquissimi
633 3169 712 3218 Asiam
731 3175 755 3217 et
773 3171 873 3219 Africam
883 3177 943 3219 sorte

71 3227 380 3292 ducebarr15utramseilicet
390 3242 467 3275 earum
476 3233 586 3286 regerent.
633 3275 636 3282 ,

6 3353 7 3362 ,
102 3309 181 3378 Occiso
190 3307 268 3354 Causa
251 3307 279 3376 J
311 3284 347 3352 De
367 3320 413 3366 qno
430 3306 579 3352 Sustentata
596 3305 682 3374 Domit.
692 3305 742 3350 Χ.
756 3305 855 3350 Ciuicam
864 3307 942 3350 Geren

6 3399 7 3428 ι
71 3369 138 3415 lern'
128 3382 155 3413 ιιι
170 3367 218 3424 ipro
228 3365 295 3412 Aaou
309 3365 468 3422 proconsulatu
481 3364 603 3419 interemit,
618 3363 681 3422 quari
695 3361 820 3408 molitorem
836 3373 942 3406 novarum

6 3443 7 3488 t
69 3441 153 3492 rerum.

6 3495 7 3568 ἶ
109 3525 182 3566 von.
203 3522 255 3562 ιιι.
517 3501 546 3582 9Ἰ
