2062 3824
435 195 517 245 usa.
545 176 579 246 8.
605 175 639 244 9.
712 209 714 212 ·
892 175 963 244 117
1029 233 1030 252 ,

86 354 176 427 elpes
189 353 222 410 in
238 351 373 410 caesaris
397 353 538 420 amicitia,
562 357 655 426 agunt
677 350 825 424 lassantque
846 355 964 420 nunela,

86 459 180 527 atque
195 455 233 508 ab
247 451 311 522 ipso
333 451 471 524 Principe
495 467 562 509 sum
585 451 707 526 quadam
723 450 884 508 reverentia
899 449 964 508 dill-

87 559 220 625 gantur:
241 549 309 623 quia
323 549 534 624 Vespasianus,
556 549 732 607 venerabilia
756 563 849 607 senex
862 555 892 604 et
915 565 964 621 pa·

87 649 283 706 tientissimua
319 649 373 716 nis,
409 651 485 706 bena
519 649 667 722 iutelligit,
699 654 813 730 celenna
845 639 963 721 qutu‘em

89 747 203 804 amieos
226 763 294 803 ουυι
309 747 362 804 uiti
377 747 423 812 ila,
445 763 518 821 quaa
543 748 581 803 ab
603 746 668 818 ipso
681 745 859 817 aesepesint,
878 761 964 813 quae·

90 863 146 920 que
161 846 217 918 ipsi
231 846 417 902 adcumulare
431 851 461 901 et
486 845 517 902 in
531 845 604 900 alios
618 861 775 917 congerere
800 849 963 915 promptum

89 951 153 1000 est:
176 944 351 1000 Marcellum
365 951 462 1000 antem
476 949 507 999 et
522 943 665 1014 Crispum,
690 943 829 998 adtulisse
845 941 881 998 ad
892 940 962 997 aml-

89 1043 192 1099 eitlam
207 1059 301 1107 anam,
320 1041 394 1116 quud
417 1057 474 1098 nnn
499 1059 517 1096 a
542 1041 679 1112 Prinnipe
703 1039 881 1112 seneperint,
906 1053 963 1096 nee

91 1141 188 1214 accipi
214 1140 316 1214 possit.
358 1139 514 1197 Minimum
534 1139 611 1196 intes
637 1145 679 1196 lot
702 1155 737 1198 aa
762 1143 843 1194 tanta
866 1141 963 1196 locum

90 1240 223 1296 obtinent
239 1237 382 1311 imagines
407 1253 444 1295 ae
468 1237 546 1294 tituli
566 1245 596 1294 el
620 1243 742 1302 statuae,
765 1253 840 1311 quae
868 1253 962 1309 neque

89 1337 151 1410 ipsa
179 1342 283 1392 tamen
308 1335 501 1408 negliguntur,
526 1341 585 1392 um
615 1336 752 1402 Romule,
776 1351 861 1408 quam
886 1334 963 1391 divi-

89 1435 199 1492 lineet
224 1451 307 1506 opes,
331 1451 402 1507 quas
425 1433 539 1492 laeilius
563 1433 781 1507 lavanianum
806 1435 962 1506 vituperet,
1010 1431 1012 1436 '

90 1551 174 1608 quam
189 1533 240 1608 qni
264 1532 403 1590 fastidiat.
445 1533 500 1591 llis
521 1532 608 1606 igitur
631 1538 661 1588 el
688 1531 843 1589 Mauritius
864 1541 894 1588 et
918 1549 962 1589 or·

89 1633 238 1688 lamentis
262 1638 293 1688 et
317 1630 503 1688 fatuitatibus
527 1630 646 1687 refertas
673 1631 773 1686 manua
797 1645 895 1686 eorum
918 1630 962 1687 vi·

90 1729 201 1794 demus,
215 1729 265 1803 qai
280 1745 314 1786 ss
328 1731 366 1786 ab
389 1729 509 1787 ineunte
523 1727 722 1786 adnleseentia
735 1728 845 1784 samaia
868 1728 962 1786 loten

88 1827 166 1885 sibua
180 1833 211 1884 al
227 1827 355 1884 oratorio
364 1828 459 1886 studio
472 1829 624 1885 dederunt.

128 1927 209 1985 Nam
223 1927 354 1984 earmina
367 1932 398 1984 et
419 1943 529 1992 ventus,
549 1926 651 2000 quibus
679 1928 769 1991 totam
793 1921 882 1980 vitam
898 1922 989 1990 Mna
1022 1910 1024 1918 ’

90 2029 189 2083 lemme
204 2026 353 2083 insumere
378 2031 460 2099 optat
473 2022 556 2100 (inde
570 2025 650 2082 enim
673 2023 768 2081 omnia
792 2023 875 2080 duxit
897 2037 961 2078 nra·
1007 2059 1025 2090 ⁴.

88 2119 144 2198 lio)
160 2141 255 2198 neque
263 2122 435 2196 dignitatem
445 2125 534 2180 ullam
544 2123 710 2180 auctoribus
720 2121 959 2187 anissonuiliant,
1018 2122 1024 2133 “

87 2239 184 2296 neque
208 2221 350 2278 utilitates
376 2223 473 2278 alunt:
504 2223 683 2293 voluptatem
706 2227 805 2278 autem
826 2222 958 2283 brevem,
968 2113 997 2398 s

2 2313 3 2318 ’
87 2321 205 2378 landem
220 2322 338 2378 inanem
351 2325 382 2378 et
392 2321 831 2393 inimatuusamnnnsequuntnr.
871 2317 959 2376 Lieet
995 2309 1008 2350 -ἔ

85 2419 163 2476 lsaee
177 2420 251 2493 ipsa,
264 2425 295 2476 et
308 2435 381 2493 quae
395 2419 503 2478 Mada
524 2419 654 2478 dicturus
680 2435 753 2484 snm,
775 2431 858 2473 aurea
882 2422 959 2481 tuae,

88 2516 237 2586 Materne,
251 2525 396 2591 respuant,
409 2519 458 2576 eui
473 2520 549 2574 bono
561 2525 616 2583 est,
630 2517 656 2574 si
669 2521 746 2590 apud
760 2523 789 2576 te
802 2523 959 2590 Agamem·

86 2631 148 2673 non
173 2621 222 2673 ant
244 2617 332 2673 lason
359 2617 467 2674 diserte
491 2614 639 2691 loquitur?
658 2617 722 2690 qnia
748 2618 817 2674 ideo
840 2619 958 2676 domum

86 2713 222 2772 defensus
239 2714 292 2772 tibl
305 2715 449 2788 obligatus
463 2711 559 2771 redit?
580 2714 654 2785 Quis
670 2715 801 2772 Saleium
821 2723 958 2784 nostrum,

87 2813 238 2887 egregium
251 2818 377 2885 poetam
389 2815 449 2880 vel,
461 2813 488 2870 ai
499 2813 554 2870 hoe
564 2812 802 2870 honorificentius
812 2819 866 2881 eal,
878 2831 958 2887 pme·

88 2910 283 2968 clarissimum
305 2916 404 2968 vatem
430 2910 561 2978 dedueit,
587 2916 636 2966 aut
660 2913 775 2978 salutat,
800 2919 849 2970 aut
864 2929 958 2986 prose·

87 3005 207 3083 quitur?
227 3009 352 3081 Nempe,
379 3009 405 3066 si
431 3009 543 3068 amiens
569 3007 641 3075 eius,
667 3009 694 3067 si
719 3010 903 3086 propinquus,
931 3011 958 3068 si

90 3105 216 3181 denique
230 3105 339 3178 ipsein
355 3107 472 3182 aliquod
493 3108 641 3181 negotium
662 3108 808 3175 inciderit,
829 3109 958 3166 adhunc

89 3205 259 3262 Secundum
273 3211 409 3274 recurret,
423 3224 481 3266 non
496 3208 532 3264 ad
547 3211 586 3274 te,
611 3205 755 3272 Materne,
779 3208 846 3281 quia
870 3213 957 3280 poeta

89 3319 130 3370 es,
155 3321 250 3378 neque
275 3308 306 3360 ui
331 3319 382 3377 pro
403 3322 440 3361 eo
464 3322 566 3362 versus
590 3304 696 3360 lanias:
718 3304 748 3358 hi
762 3305 851 3360 etiam
866 3305 959 3360 Basso

87 3397 167 3462 donni
182 3408 351 3471 naseuntur,
363 3403 457 3476 pulcri
480 3401 598 3478 quidem
623 3405 654 3456 et
677 3399 817 3455 ineundi:
839 3414 960 3471 quorum
