2062 3824
71 217 140 286 138
240 241 287 288 nn
314 237 541 290 oussonrsvs
567 237 746 289 uranonvs

13 391 55 449 15
107 393 186 452 'l'nm
221 393 371 452 Messala:
403 397 514 470 Sequar
547 411 564 451 a
595 399 624 452 le
646 391 855 466 praescriptam
883 392 936 449 tor·

65 509 152 558 mam,
180 493 323 552 Materne.
357 511 450 568 neque
484 494 563 550 enim
596 492 646 549 diu
673 492 934 550 contradicendum

9 661 10 670 ἵ
65 597 111 648 est
143 593 235 671 ‘Apro,
269 592 317 666 qui
344 593 476 666 primum,
503 598 535 648 ut
562 592 674 663 opinor,
703 590 829 648 nominis
865 607 934 646 oon·

65 691 236 748 troversiam
264 691 366 759 movit,
387 697 532 765 tamquam
560 705 659 762 parum
680 689 793 762 proprie
821 686 934 762 antiqui

64 797 248 856 vocarentur,
277 807 347 864 quos
367 791 437 848 satis
457 794 573 847 constal
598 795 666 846 ante
694 794 812 846 centum
839 805 933 845 annos

62 885 160 946 luisse.
202 889 278 946 Mihi
292 895 388 946 autem
403 891 439 946 tle
460 890 602 946 vocabulo
626 906 722 962 pugna
737 905 795 944 non
810 895 875 944 est:
896 887 932 944 si·

63 1001 103 1042 ve
128 987 193 1044 illos
217 989 359 1063 antiquos,
384 988 450 1044 sive
471 987 604 1052 maiores,
629 987 694 1043 sive
715 982 771 1060 qno
795 987 855 1042 alio
876 1003 932 1043 mo

64 1087 128 1142 vult
155 1087 282 1153 nomine,
309 1090 459 1160 appellet:
493 1065 648 1142 dummodo
674 1084 705 1142 in
729 1086 864 1142 confesso
886 1085 933 1152 sit,

63 1184 284 1242 eminentiorem
299 1185 413 1242 illorum
433 1191 592 1257 temporum
617 1184 812 1260 eloquentiam
832 1183 931 1242 fuisse.

64 1283 113 1340 Ne
127 1282 170 1339 illi
185 1283 300 1357 quidem
315 1283 387 1357 parti
402 1283 542 1340 sermonis
567 1284 628 1340 eius
643 1301 771 1358 repugno
798 1282 851 1349 sio,
875 1298 933 1356 quo

63 1382 158 1439 miuus
186 1381 287 1447 fatear,
315 1385 409 1455 plures
432 1382 537 1440 formas
564 1382 683 1440 dicendi
710 1382 798 1439 etiam
826 1382 931 1438 iisdem

63 1480 197 1548 saeculis,
235 1482 342 1538 nedum
381 1481 517 1548 diversis,
550 1482 708 1538 exstitisse.
771 1483 840 1547 Serl,
875 1497 932 1553 quo

64 1580 237 1640 modointer
252 1581 369 1638 Atticos
383 1587 510 1638 oratores
532 1581 641 1654 primae
666 1578 859 1636 Demostheni
884 1578 934 1636 tri·

63 1680 196 1749 huuntur‚
217 1681 340 1756 primum
364 1687 460 1738 autern
485 1683 581 1738 locum
597 1680 763 1738 Aeschines
776 1686 807 1736 el
832 1680 933 1754 Hype-

5 1775 8 1784 '
62 1778 140 1836 rides
154 1785 184 1836 et
209 1779 315 1854 Lysias
336 1785 366 1837 et
390 1781 541 1854 Lycurgus
563 1779 706 1848 obtinent,
730 1779 860 1836 omnium
883 1795 933 1836 au·

62 1883 122 1937 tern
146 1895 290 1937 consensu
314 1880 388 1936 haec
409 1884 553 1936 oratorum
578 1885 658 1936 aetas
679 1878 805 1936 maxime
831 1879 933 1950 proba·

62 1981 125 2049 tur3
144 1979 188 2036 sic
202 1981 277 2052 apud
293 1997 345 2036 nos
367 1979 472 2036 Cicero
495 1979 611 2052 quidem
635 1984 748 2034 ceteros
773 1978 933 2034 eorundem

63 2082 222 2151 temporum
247 2078 369 2136 disertos
391 2079 558 2144 antecessit,
574 2078 685 2137 Calvus
699 2083 806 2144 autem,
820 2082 850 2134 et
866 2076 935 2134 Asi·

63 2178 138 2243 nius,
154 2183 184 2233 et
199 2177 317 2245 Caesar,
345 2181 376 2233 et
404 2177 533 2244 noerius,
560 2181 590 2234 et
616 2177 722 2234 Brutus
742 2194 794 2233 suo
814 2176 875 2233 iure
904 2180 936 2233 et

62 2275 214 2350 prioribus,
249 2282 279 2332 et
315 2275 775 2350 sequentihus,anteponuntur:
796 2291 856 2332 neo
889 2293 934 2332 re·

63 2376 127 2442 lert,
154 2375 228 2448 qnorl
256 2375 333 2432 inter
365 2392 396 2430 se
424 2375 523 2448 specie
552 2375 695 2440 differant,
722 2391 789 2431 oum
822 2391 933 2448 genere

62 2473 258 2532 consentiant.
301 2473 477 2531 Adstrictior
501 2475 622 2540 Calvus,
650 2473 843 2530 numerosior
865 2473 933 2530 Asi·

63 2572 139 2640 nius,
166 2572 344 2646 splendidior
365 2574 482 2640 Caesar,
510 2571 633 2630 amarior
659 2571 787 2638 Coelius,
814 2572 934 2646 gravior

63 2671 181 2737 Brutus,
207 2673 409 2732 vehementior
434 2677 463 2728 et
492 2671 604 2744 plenior
631 2677 661 2727 et
688 2671 832 2728 valentior
847 2670 933 2728 Cice·

64 2791 117 2842 roc
150 2789 251 2831 omnes
279 2777 375 2829 tamen
407 2772 529 2828 eandem
562 2769 718 2826 sanitatem
745 2770 932 2843 eloquentiae

63 2873 180 2930 lerunt:
213 2875 254 2938 ut,
281 2869 463 2960 siomninm
497 2869 603 2940 pariter
638 2869 726 2925 lihros
754 2869 786 2924 in
815 2885 934 2928 manum

63 2968 226 3044 sumpseris,
250 2969 335 3036 scias,
349 2967 481 3042 quamvis
504 2967 535 3023 in
560 2967 682 3023 dirersis
706 2967 843 3041 ingeniis,
868 2987 960 3026 esse.

63 3071 207 3147 quandam
216 3067 322 3141 judicii
337 3084 371 3124 ao
383 3065 540 3124 voluntatis
552 3066 771 3123 similitudinem
784 3075 814 3124 et
827 3085 935 3142 cogua-

63 3169 185 3226 tionem.
226 3167 313 3231 Nam,
327 3166 401 3238 quod
424 3165 554 3222 invicem
573 3182 605 3220 se
626 3167 875 3234 obtrectaverunt,
889 3165 936 3243 (et
1021 3223 1022 3226 ,

63 3269 215 3338 supersunt
239 3265 334 3337 aliqua
350 3262 480 3335 epistolis
504 3280 602 3320 eorum
629 3263 746 3332 inserta,
770 3265 936 3339 exquibus
1021 3263 1022 3309 l

63 3368 163 3448 mutua
186 3360 351 3434 malignitas
378 3359 536 3436 detegitur)
563 3379 621 3419 uon
647 3369 691 3418 est
717 3370 863 3421 oratorum
892 3365 937 3423 ri-

63 3461 145 3531 tium,
169 3461 220 3521 sed
244 3459 402 3520 hominnm.
443 3463 521 3520 Nam
546 3466 576 3520 et
598 3461 725 3519 Calvum
748 3466 779 3520 et
794 3463 936 3524 Asinium
1020 3503 1021 3512 κ
