2096 3840
80 243 125 310 tt
276 261 323 309 nu
339 262 497 310 uournvs
516 263 730 312 annuamus*

76 416 215 476 Numinis
239 418 306 474 loco
330 417 468 474 habitam.
512 419 571 476 Sed
593 423 623 477 et
650 419 721 478 otim
734 417 887 478 Auriniam
913 425 944 478 et
1042 475 1043 494 ἱ

73 515 232 586 compluris
253 516 326 573 alias
350 515 483 573 venerati
503 521 579 584 sunt,
599 536 659 576 non
684 518 861 588 adulatione,
887 535 943 577 nec
1042 543 1043 546 ¹

75 620 221 690 tamquam
245 617 374 672 lacerent
395 615 485 672 Deae.

44 717 64 774 9
115 715 244 772 Deorum
277 715 403 771 maxime
433 713 611 772 Mercurium
636 717 746 784 colunt,
775 715 824 774 cni
855 715 943 774 certis

73 813 174 872 diebus
205 813 339 872 humanis
369 831 480 888 qnoque
505 813 606 870 hostile
643 814 726 872 litare
753 816 796 872 lae
824 817 943 872 liabent.
1042 853 1043 868 2

78 915 238 972 Herculem
252 930 287 970 ac
310 911 432 968 Martem
446 913 597 969 concessis
621 913 794 972 animalibus
808 917 943 988 placant:
1042 893 1043 908 ἵ

73 1030 139 1087 pars
168 1013 329 1069 Sacrorum
356 1013 387 1069 et
415 1010 487 1068 laidi
513 1011 672 1070 sacrificat.
725 1013 815 1070 Vnde
840 1029 944 1070 caussa
988 991 996 1008 ⁸

75 1202 114 1234 seo
128 1187 232 1244 Weidner.
264 1185 323 1234 Huic
332 1185 436 1232 tuccessit
445 1185 468 1232 in
478 1185 607 1244 dignatione
616 1190 640 1233 et
652 1185 791 1234 divinatione
800 1186 891 1244 Genua,
901 1185 944 1234 sub

73 1247 205 1294 Domitiano
215 1245 318 1292 celebris.
347 1245 409 1302 Lina.
938 1271 942 1274 -

104 1323 270 1370 Numim'rlcm
279 1323 385 1384 mittam]
416 1323 461 1370 aen
480 1327 558 1384 postea
575 1323 696 1384 captivam.
728 1324 793 1374 Adeo
807 1324 893 1372 intarta
904 1325 943 1373 vel

40 1417 44 1423 .
73 1382 215 1446 latidimmm
225 1384 287 1430 sors!
303 1382 340 1430 De
348 1397 376 1428 ea
386 1382 478 1437 Statius,
488 1382 544 1428 Silv.
562 1383 579 1428 l.
595 1386 617 1428 t.
628 1397 685 1429 vers.
697 1385 733 1431 9⁰.

191 1462 244 1509 Non
256 1466 322 1508 vacat
335 1465 428 1508 arctoas
437 1460 503 1514 acies,
515 1461 663 1521 Rhenumque
673 1461 789 1516 rebellem,

190 1521 346 1590 Captivaeqne
356 1534 433 1590 preces
444 1519 554 1589 Veledae.
568 1525 591 1564 et
599 1521 669 1588 ¹(quae
679 1520 774 1566 urarims
783 1534 854 1582 nuper

190 1579 415 1686 ξέῧὲιὲἒὲὶεροειῑεω
426 1578 494 1625 Dacis
502 1577 646 1639 pereuntibus
655 1579 734 1624 urbem

73 1720 130 1768 cum
141 1716 242 1766 nutritus
251 1716 351 1763 aarum
367 1715 478 1763 veteram
496 1714 597 1776 caputet,
618 1715 676 1760 rone
693 1715 789 1762 mnam
807 1716 875 1762 auca
889 1720 942 1778 aa,
1042 1685 1043 1690 ¹

72 1779 169 1840 indeque
178 1776 272 1824 Tacitus
280 1775 349 1822 dixit:
369 1775 473 1821 Vidimus
482 1776 523 1820 sut
532 1775 582 1821 diue
594 1773 617 1818 V
615 1775 725 1831 emerium
737 1774 848 1822 Veledam.

102 1857 215 1918 Deorum]
249 1859 269 1902 ll
290 1855 373 1902 Tacito
382 1855 499 1900 dissentire
508 1852 597 1899 videtur
611 1853 684 1899 Julius
700 1852 791 1908 Caesar,
802 1853 859 1900 Bell.
876 1853 940 1902 Gall.

72 1917 129 1964 Vll.
145 1920 181 1964 21.
213 1915 314 1962 Deorum
331 1928 422 1960 numero
431 1927 464 1958 ens
474 1913 629 1966 mundarunt,
640 1927 692 1970 quos
701 1916 803 1967 cernunt,
817 1917 837 1958 et
845 1927 943 1972 quornm

71 1975 149 2032 opibus
163 1974 362 2031 apertejuruutur,
379 1972 450 2018 Solem
467 1977 487 2016 et
505 1970 632 2018 Vulcanum
642 1975 662 2015 et
678 1969 782 2016 Menum:
799 1970 895 2030 reliqum
911 1985 942 2018 ne

65 2035 132 2093 famu
142 2034 230 2092 maldera
239 2035 374 2088 acceperuut.
410 2030 649 2089 Distinguetemporaq
665 2035 688 2074 et
698 2043 783 2074 summa
800 2030 844 2075 erit
859 2030 945 2076 Caesa·

72 2108 119 2139 rem
136 2093 230 2138 interae
248 2091 350 2136 'Tacitum
369 2089 488 2134 consensio.
521 2087 624 2133 Caesaris
642 2093 719 2133 aetate
728 2102 785 2144 sum,
795 2094 820 2133 et
838 2087 944 2136 barbarie

72 2153 120 2197 lere
139 2150 239 2196 omnibus
257 2149 386 2204 familiares,
406 2148 459 2192 deos
478 2147 576 2192 imbuere
591 2145 698 2192 Germani
714 2145 798 2202 Solem,
816 2147 904 2194 lunam
916 2153 943 2194 at

73 2209 209 2262 Vulcanum,
220 2209 286 2254 idest
297 2207 378 2264 ignem,
390 2219 454 2266 quern
465 2205 512 2251 sive
523 2220 536 2250 e
546 2205 607 2251 silice
617 2203 733 2259 elicerent,
743 2203 790 2250 sive
805 2205 948 2253 velocissimo

72 2269 166 2316 duorum
177 2268 284 2326 lignomm
295 2267 391 2318 aurien.
411 2271 436 2311 ut
451 2264 617 2319 Onnadensibus¹
626 2263 726 2310 barbaris
744 2263 817 2310 adhuc
833 2278 879 2310 mos
894 2269 939 2320 est,

72 2329 204 2382 excitarent,
214 2327 263 2372 elue
278 2325 361 2370 calidas
379 2338 456 2384 aquas,
466 2337 523 2384 quae
538 2323 561 2368 iu
572 2323 660 2380 regione
670 2328 792 2379 occurrent,
804 2328 946 2382 spectarent,

72 2387 121 2434 rive
131 2387 189 2432 inter
197 2384 297 2430 tonitrua
306 2384 436 2443 stridentem
455 2383 565 2437 audirent,
576 2381 682 2427 admirari
693 2380 778 2440 pariter
794 2395 820 2427 ac
838 2383 947 2428 venerari
1042 2407 1043 2414 κ

74 2459 174 2505 coepere.
206 2445 288 2490 Postea
307 2443 423 2489 Gallorum
443 2448 466 2486 et
486 2442 639 2487 Romanorum
657 2444 769 2491 contactu,
790 2440 943 2497 Mercurium,

74 2503 204 2556 Herculem,
222 2503 323 2548 Martem
339 2515 392 2546 acce
418 2515 452 2545 re.
486 2499 568 2546 Eortun
584 2499 656 2546 enltns
669 2504 745 2543 aetate
755 2497 829 2544 Taciti
840 2499 941 2557 vigebat.

74 2563 131 2608 Cum
157 2577 181 2606 er
191 2560 332 2608 Germaniam
341 2559 384 2605 iter
397 2573 483 2605 acerem
509 2560 589 2604 lurlrns
596 2557 696 2618 Neptuni
704 2564 846 2603 monumenta
855 2557 945 2618 reperi:

74 2577 326 2668 aliaaiiommdenrnm
336 2625 460 2664 occurrunt.
492 2573 590 2670 geilieet,
600 2615 805 2674 labentibusauule,
815 2615 938 2676 Neptunus
1002 2647 1005 2651 -

73 2687 192 2739 ceteraque
201 2679 292 2724 deorum
302 2687 393 2723 caterva
402 2678 424 2723 in
434 2676 577 2724 Germaniam
588 2689 675 2721 venere.
762 2691 763 2694 ¹

102 2757 218 2804 Humanis
227 2772 308 2816 qnoque
317 2755 400 2817 hortiis]
433 2756 487 2802 lude
502 2755 603 2802 tuentius
615 2755 631 2800 l.
642 2753 693 2800 rte.

188 2837 217 2882 Et
229 2836 307 2895 quibus
317 2835 407 2882 immitis
416 2834 521 2894 placatur
530 2832 635 2888 sanquine
644 2832 694 2877 diro

188 2896 304 2948 Teutates,
317 2897 452 2952 horrensque
461 2893 514 2938 laris
522 2891 631 2938 altaribus
641 2889 721 2938 Hesus.

71 2977 181 3024 Teutates
190 2979 223 3020 est
235 2971 374 3028 Memoriam
389 2971 469 3023 Hesus,
480 2971 552 3016 Mam.

100 3053 217 3101 Humanis
226 3065 308 3112 qunque
316 3049 403 3153 tustiirl
432 3049 498 3097 Quod
508 3048 581 3095 Gallis
590 3047 752 3110 Germanisque
762 3061 878 3094 commune
889 3067 895 3094 ι
912 3053 940 3096 et

87 3112 147 3158 riscis
157 3117 262 3157 testatum
277 3109 361 3154 crebro.
406 3107 453 3152 llud
470 3113 530 3158 noto,
547 3108 652 3153 mansisse
667 3121 719 3154 eam
737 3108 851 3153 diritatem
867 3107 940 3154 etiam

71 3170 169 3218 inferiori
180 3183 242 3214 aevo.
276 3167 395 3225 Procopius
404 3169 426 3212 2.
437 3167 471 3210 ‘tol
504 3166 541 3212 De
552 3166 615 3212 Bello
626 3166 695 3212 Goth.
714 3167 756 3219 ait,
771 3166 878 3222 Francos,
895 3167 940 3214 etsi

71 3230 184 3275 tlhristum
196 3229 238 3272 iarn
249 3225 355 3278 colerent,
367 3224 467 3269 humanis
477 3229 551 3268 tamen
569 3226 598 3269 ad
614 3239 674 3270 suum
693 3238 774 3270 sevtrm
790 3223 867 3270 hostiis
877 3239 941 3282 ursos,

71 3288 186 3336 Ditmarns
195 3285 228 3330 lib
254 3289 269 3329 t.
304 3285 440 3328 Nortmanos
449 3287 472 3326 et
482 3283 555 3327 Dauos
565 3284 681 3342 quotannis
691 3297 764 3329 mense
776 3283 877 3329 ianuario
898 3283 942 3331 uie

72 3347 117 3393 suis
127 3346 252 3391 innnolasae
262 3341 345 3388 XGlX.
359 3341 465 3392 homines,
482 3341 576 3385 totidem
595 3355 663 3402 equos
680 3355 729 3387 eum
749 3340 840 3388 canibus
855 3346 879 3386 et
889 3343 939 3399 qai-

73 3405 113 3474 lin:
131 3405 160 3450 ab
169 3417 241 3467 euque
251 3401 353 3449 barbarie
370 3399 493 3446 Henricum
514 3401 627 3460 aucupem
644 3399 738 3461 primurn
753 3415 792 3448 eor
808 3399 935 3448 abduriase.

72 3462 135 3522 urps.
