2062 3824
73 163 144 234 136
244 185 291 234 nn
318 185 546 236 onaroarnvs
573 187 752 238 nrnnocrs

69 340 201 398 olentia:
223 341 334 398 nullum
354 341 392 398 sit
408 345 525 400 verbum
541 345 623 402 velut
637 343 769 418 rubigine
790 331 945 412 intectum,¹

68 442 142 500 nulli
166 458 266 498 sensus
293 442 375 498 tarda
408 447 439 498 et
463 442 551 499 inerti
587 449 740 511 structura,
767 443 800 500 in
833 459 944 500 morem

69 541 242 608 Annalium,
275 549 505 615 componantur;
537 543 629 616 lugiet
659 543 774 600 foedam
795 548 826 598 et
855 542 945 598 insul·

68 657 130 698 sam
151 640 364 708 scurrilitatem,
385 642 478 698 variet
492 643 744 715 compositionem,
765 657 824 699 nec
838 657 942 698 omnes

67 743 211 798 clausulas
227 758 284 798 uno
294 747 322 798 et
335 742 437 798 eodem
453 743 538 798 modo
552 742 699 798 terminet.

14 825 58 886 23
115 844 195 900 Nolo
213 841 338 920 inridere
356 845 447 896 rotam
456 839 640 918 fortunarum
660 843 709 898 ius
723 839 891 912 Verrinam,
913 847 943 900 et

67 919 150 1007 illud,
161 943 247 1000 tertio
267 957 379 1017 quoque
393 957 478 996 sensu
494 939 524 996 in
538 940 673 997 omuib'us
687 941 868 999 orationibus
892 959 942 1014 pro

68 1042 215 1099 sententia
229 1035 578 1114 positumessrvidrntur.
620 1039 805 1096 Nametboc
826 1041 940 1098 invitus

68 1140 163 1204 retuli,
184 1145 214 1196 et
239 1142 318 1212 plura
340 1138 435 1204 omisi,
450 1155 523 1212 quae
538 1144 635 1196 tamen
659 1141 722 1204 sola
736 1139 879 1196 mirantur
900 1144 942 1196 at·

68 1257 124 1314 que
138 1239 305 1311 exprimunt
318 1237 359 1304 hi,
373 1237 421 1310 qui
445 1254 477 1292 se
501 1236 635 1311 antiquos
662 1244 790 1294 oratores
819 1244 939 1296 vocant.

68 1338 215 1396 neminem
236 1337 402 1404 nominabo,
429 1353 521 1410 genus
545 1336 694 1394 bominum
715 1339 847 1411 signasse
872 1355 941 1396 con·

67 1441 183 1494 tentus:
205 1437 256 1494 sed
273 1435 356 1492 vobis
380 1433 478 1509 ntique
502 1440 654 1492 versantur
677 1442 745 1494 ante
760 1439 872 1505 oculos,
893 1437 941 1512 qui

67 1535 215 1596 Lucilium
242 1551 293 1608 pro
319 1532 450 1602 Horatio,
474 1538 504 1590 et
529 1535 698 1592 Lucretium
726 1553 777 1608 pro
802 1535 942 1611 Virgilio,

66 1637 187 1709 legunt3
221 1634 324 1709 quibus
352 1632 519 1706 eloquentia
546 1634 589 1690 tui
624 1634 737 1691 Aufidii
762 1634 860 1702 Bassi,
887 1640 940 1692 aut

68 1734 191 1792 Servilii
219 1733 360 1802 Noniani,
390 1750 429 1788 ex
460 1732 678 1806 comparatione
714 1734 860 1792 Sisennae
890 1740 942 1793 aut

65 1833 218 1902 Varronis,
251 1833 369 1901 sordet;
403 1829 452 1906 qui
487 1831 632 1890 rhetorum
666 1838 828 1891 nostrorum
862 1851 942 1892 com

65 1935 223 1992 meritorios
246 1932 406 1998 fastidiunt,
426 1931 559 1999 oderunt,
574 1931 663 1990 Calvi
677 1933 836 1992 mirantur:
858 1951 941 2008 quos,

65 2049 145 2090 more
171 2032 266 2105 prisco
288 2015 364 2104 apud
385 2029 519 2104 judicem
546 2029 720 2098 fabulantes,
741 2049 800 2090 non
828 2033 942 2092 audito·

66 2149 112 2190 res
140 2136 307 2207 sequuntur,
327 2147 386 2188 non
414 2132 535 2203 populus
563 2129 653 2213 audit,
671 2131 730 2188 'vix
755 2131 882 2207 denique
908 2133 942 2190 li·
1019 2127 1020 2142 ³

67 2231 173 2304 ligator
197 2229 364 2304 perpetitur.
385 2229 460 2286 adeo
484 2228 590 2288 moesti
612 2234 641 2286 el
665 2229 770 2288 inculti
793 2231 876 2288 illam
898 2231 941 2304 ip·

67 2347 138 2398 sam,
172 2346 258 2405 quam
285 2329 406 2397 iactant,
439 2329 594 2386 sanitatem
627 2347 686 2386 non
713 2329 851 2386 firmitate
885 2331 940 2388 sed

60 2429 177 2504 jeiunio
210 2433 434 2504 consequuntur.
495 2428 584 2484 Porro
611 2445 649 2486 ne
674 2428 705 2484 in
730 2443 850 2501 corpore
877 2429 941 2504 qui·

67 2530 134 2588 dem
163 2528 360 2588 valetudinem
390 2526 498 2585 medici
528 2528 659 2600 probant,
689 2545 763 2600 quae
795 2544 815 2583 a
846 2528 940 2586 nimia
1018 2601 1019 2612 ἵ

66 2629 218 2687 anxietate
243 2629 404 2702 contingat.
433 2641 532 2699 parum
560 2629 751 2700 est,aegrum
773 2643 939 2684 nonense:
1018 2639 1019 2665 t

96 2803 128 2851 In
137 2819 217 2852 rnorem
229 2802 356 2848 Annalium
367 2800 533 2860 componantur]
565 2798 664 2846 Videtur
674 2799 766 2846 innuere
776 2799 941 2847 vetustissimos

66 2864 179 2911 annalium
197 2864 347 2909 Romanorum
364 2860 490 2919 scriptores,
508 2873 563 2916 qnos
580 2858 663 2919 absque
681 2859 729 2904 ulla
745 2865 826 2905 ornatu
843 2859 904 2906 ricco
918 2865 944 2906 et

63 2923 140 2980 jeiuno
149 2923 202 2968 stilo
217 2920 384 2966 concinuerant.
416 2919 522 2964 Saburnfl.
542 2923 606 2977 putat
623 2917 732 2964 excidisse
748 2932 829 2966 nomen
844 2919 942 2967 alicuius
1017 2931 1018 2978 j

67 2981 171 3042 ignobilis
180 2981 293 3026 annalium
302 2977 366 3032 labri,
377 2975 472 3023 Tanusii
482 2976 555 3022 lorsan
565 2975 600 3021 vel
612 2975 708 3022 Volusii.
771 3003 776 3016 .

95 3057 302 3114 Rotamsortunoel
335 3054 406 3102 Ridet
421 3054 552 3101 Ciceronem
567 3053 591 3100 in
606 3053 741 3102 Pisonemc.
755 3059 788 3104 lb.
821 3055 943 3104 uiuraem-

66 3133 109 3180 que
124 3119 161 3163 ius
173 3117 296 3162 Verrinam
306 3128 319 3159 e
331 3113 406 3159 Diviu.
423 3114 445 3159 in
462 3113 563 3158 Verrem.
581 3128 600 3158 c.
616 3117 652 3160 tu.
685 3115 729 3161 sed
745 3114 792 3176 ipse
802 3115 886 3163 Cicero
896 3117 944 3166 isia

65 3189 111 3222 non
122 3175 201 3235 probat
210 3175 239 3219 ab
249 3171 299 3218 aliis
308 3171 375 3217 dieta.
392 3171 427 3217 ct.
438 3171 530 3222 Quinct.
540 3175 562 3229 a,
573 3175 594 3218 3.
605 3177 641 3218 ⁵⁵.

94 3253 144 3305 Qut
154 3253 272 3300 musam
279 3263 321 3307 pro
330 3249 435 3311 Horatio]
466 3250 495 3296 V.
508 3249 599 3300 coiret.
612 3253 647 3305 1⁰.
660 3254 726 3308 1,93.

96 3331 145 3378 nra
154 3329 255 3390 Amara]
287 3327 323 3374 ne
334 3327 426 3397 rufius
446 3328 511 3374 aas..
525 3336 549 3374 er
563 3329 658 3376 neura
671 3329 777 3380 unum
787 3330 832 3380 vu.
845 3332 941 3386 assuat.

67 3393 101 3446 to,
114 3391 133 3445 l,
147 3392 194 3437 102.
209 3391 256 3436 103.
290 3387 326 3434 De
337 3388 378 3433 troc
388 3391 456 3433 elram
468 3402 533 3447 supra
547 3393 572 3436 rt.
587 3391 620 3443 lt,
633 3391 666 3434 tu.

94 3467 199 3516 Sisennae
207 3471 250 3515 out
262 3465 379 3526 Varronis]
411 3465 448 3515 De
458 3465 502 3513 isto
511 3465 558 3512 Cio.
570 3465 594 3512 tn
603 3465 674 3512 liruto
683 3469 718 3512 bt.
