2062 3824
412 197 491 246 cur.
517 177 576 246 20.
594 177 654 245 21.
881 167 964 248 '133

95 352 155 412 lum
169 350 280 420 audire,
290 351 343 410 sed
357 351 447 411 etiem
461 353 567 411 reterre
590 353 707 412 domum
721 351 829 429 aliquid
843 353 965 414 inlustre
1013 415 1014 434 χ

95 456 125 509 et
135 453 255 528 dignum
276 451 416 510 memoria
430 455 552 510 volunt:
573 454 747 526 traduntque
770 453 901 512 invicem
928 471 965 514 uu

94 567 180 626 saepe
195 553 227 610 in
240 551 375 613 eutonius
400 569 435 609 ue
450 552 618 625 provincius
642 569 709 609 suas
732 554 873 620 seribuut,
900 553 966 612 sive

95 665 194 709 sensus
209 651 315 726 uliquis
330 655 431 725 argute
443 657 474 708 et
499 651 583 708 brevi
596 651 743 708 sententie
757 651 875 717 effulsit,
899 652 965 710 sive

95 751 340 826 lucusexquisito
365 756 395 808 et
413 750 529 824 puetim
557 753 637 808 cuitu
672 751 785 808 enituit.
828 749 966 824 Erigitur

96 851 170 908 euim
185 851 246 908 ium
261 851 425 908 abortione
439 849 529 906 etium
545 849 675 922 poeticus
699 851 797 918 (ieeur,
812 865 872 906 uun
888 849 967 908 Attii

95 957 141 1007 eut
155 949 284 1008 Pacuvii
312 954 434 1008 veterno
448 949 625 1024 inquinatus,
645 951 697 1006 sed
724 967 762 1006 ex
793 949 921 1018 Horatii,
935 955 966 1008 et

96 1047 229 1123 Virgilii,
242 1055 274 1106 et
296 1049 412 1108 Lucani
426 1049 554 1107 suursrio
576 1052 712 1122 prointus.
756 1050 868 1108 Horum
879 1050 967 1126 igitur

94 1150 206 1207 nuribus
233 1154 264 1205 et
291 1149 410 1206 iudiciis
439 1151 645 1220 obtemperans
676 1155 851 1208 nostrorum·
870 1151 979 1208 orate·

93 1264 150 1305 rum
164 1255 258 1316 aetas,
275 1247 401 1320 pulcrior
413 1253 444 1304 et
457 1248 587 1305 ornatior
610 1247 734 1304 exstitit.
776 1250 883 1324 Neque
897 1249 965 1308 ideo

93 1347 186 1404 minue
212 1347 350 1404 efficaces
365 1351 432 1403 suut
445 1347 592 1404 orationes
608 1353 732 1415 nostrae,
744 1349 811 1422 quia
825 1350 861 1406 ed
881 1365 964 1406 aures

93 1445 284 1503 iudicantium
299 1463 365 1502 eum
382 1449 532 1518 voluptate
553 1446 738 1516 perveniunt.
781 1448 858 1520 Quid
873 1447 963 1517 euim,

93 1545 301 1603 siiutirmiura-
319 1545 420 1602 hurum
448 1549 609 1616 temporum
637 1548 746 1618 templu
770 1549 882 1613 eredes,
896 1547 965 1620 quie

93 1659 149 1702 uun
165 1644 231 1702 rudi
245 1649 402 1700 caemento
413 1649 443 1700 et
464 1644 634 1714 informibus
650 1645 755 1718 tegulis
768 1652 965 1714 exstruuntur,

92 1740 726 1801 mdmmmmemoememmomfflwmffl

127 1841 1012 1920 mmmmffimmmmwmmmmwmwl

91 1941 155 1998 tium
174 1942 362 2014 antiquorum
377 1941 428 1996 vix
445 1941 541 2006 risum,
556 1941 586 1998 in
601 1942 773 2015 quibusdam
798 1947 896 1998 nutem
910 1943 963 2000 vix

89 2047 359 2106 somnumteuere.
402 2041 467 2096 Neu
495 2055 583 2097 unum
603 2043 640 2097 de
666 2043 772 2114 populo
801 2041 962 2101 Canutium

89 2147 137 2198 eut
154 2140 274 2200 Arrium
301 2139 480 2196 Furniumve
511 2141 675 2206 nominabo,
703 2141 809 2214 quique
837 2143 903 2199 aliis
931 2142 962 2198 in

90 2241 194 2297 eodem
209 2239 424 2295 vaietudinario
439 2239 512 2296 haee
526 2255 592 2296 osea
607 2245 637 2295 et
665 2240 741 2296 hauc
757 2241 880 2298 maeiem
897 2259 959 2314 pro·

88 2339 167 2398 baut.
213 2340 282 2410 lpse
297 2337 368 2394 mihi
383 2339 504 2408 Gaium,
531 2355 598 2395 cum
619 2355 707 2396 unum
731 2344 761 2396 et
787 2340 902 2414 viginti,
930 2344 962 2398 ut

88 2447 166 2512 puto,
183 2438 272 2495 libros
295 2437 452 2511 reliquerit,
468 2438 520 2494 vix
535 2437 566 2494 in
581 2455 639 2494 uua
664 2445 714 2496 aut
729 2441 820 2496 attera
835 2439 961 2496 oratiun-

88 2538 321 2596 culseetisiaeit.
353 2555 408 2594 neu
432 2538 588 2595 dissentire
616 2545 729 2596 eeteros
751 2539 788 2594 ub
810 2539 866 2594 hou
895 2528 962 2594 meu

87 2636 199 2695 iudicio
213 2637 314 2694 video.
329 2645 432 2711 quotus
447 2637 527 2696 euim
537 2637 656 2711 quisque
672 2636 761 2694 Calvi
776 2637 806 2692 in
824 2635 970 2704 Asitium·

88 2736 180 2794 autin
194 2737 322 2793 Drusum
340 2733 435 2810 legit?
469 2743 499 2792 nt
514 2737 633 2792 heruute
649 2737 678 2792 in
692 2736 841 2793 huminum
856 2733 963 2794 studiu-

88 2853 184 2893 turum
200 2835 334 2892 manibus
351 2841 503 2892 versentur
530 2835 744 2902 adnuentioues,
767 2853 840 2908 quae
855 2836 885 2891 in
900 2835 961 2893 Va·

88 2933 960 3007 fflmstmfflmmmmfflmmwmuffis

87 3035 189 3093 oratio.
212 3039 257 3090 est
269 3035 348 3092 enim
364 3031 460 3090 uerbis
474 3038 577 3090 oruata
602 3039 632 3090 et
656 3032 820 3100 senteutiim
833 3033 960 3090 auribus-

115 3189 226 3236 Somnum
236 3189 318 3250 tenere]
351 3189 395 3234 Pro
404 3203 485 3236 cavere
494 3202 601 3235 somnum.
633 3187 657 3234 m
669 3186 756 3234 Latinis
765 3186 796 3234 sic
805 3201 851 3233 nou
861 3186 958 3240 dicitur;

16 3291 17 3296 ,
86 3249 125 3294 ned
134 3250 159 3296 iu
170 3248 379 3295 hasnoniunctioue
388 3263 436 3294 uum
448 3250 520 3296 risum
535 3247 589 3294 terri
604 3252 688 3308 potest,
703 3246 816 3305 magisque
825 3246 921 3292 refertur
930 3247 959 3292 ad

87 3307 404 3367 risumquamsdsomnum.
438 3307 497 3353 Ern,

116 3386 166 3433 Nec
180 3387 298 3434 dissentire
313 3387 401 3446 ceteros]
433 3385 542 3432 Dissentit
556 3388 631 3430 tumen
646 3379 725 3431 Quint.
737 3380 772 3436 10,
784 3381 804 3433 1,
816 3379 863 3422 115.
875 3379 900 3420 et
908 3388 959 3433 pas·

86 3445 135 3494 situ.
167 3446 257 3493 Contra
264 3448 293 3494 ei.
303 3445 351 3494 cte.
362 3445 435 3519 Bruto
443 3446 479 3492 ⁸2.

124 3547 198 3588 von.
220 3547 269 3586 nr.
509 3523 547 3577 12
