2096 3840
450 207 530 258 cnr.
555 188 615 259 46.

85 366 225 430 minam,
258 363 378 424 dulillo:
398 381 572 441 quemquern
597 363 731 434 Peucini,
751 381 822 442 quur
843 366 961 443 quidum

86 466 249 524 Bastarnas
266 470 385 531 vocent,
405 483 551 533 nemone,
569 467 660 533 culm,
681 467 751 524 rede
778 483 814 524 uc
841 467 963 525 domici·

87 565 146 633 liu,
177 573 209 622 ut
235 563 379 622 Germani
406 550 505 638 ng'unl.
527 567 626 622 rorder
652 565 781 624 omnium
809 583 845 622 nc
867 573 964 640 lorpor

88 681 264 738 procerum:
286 653 458 722 connubiis'
476 664 588 730 mixtis,
608 663 744 721 nonnihil
766 665 797 721 in
819 669 964 722 sermun-

87 781 151 822 rum
173 765 306 820 nubilum
327 763 492 820 foedantur.
535 763 655 820 Venedi
680 765 803 820 mullum
817 781 856 822 ex
882 763 966 822 morl·

89 863 145 922 buu
165 868 330 921 traxerunt.
372 863 451 920 Num
471 862 607 938 quicquid
629 847 707 920 inter
727 862 874 920 Peucinos
889 863 965 921 nen·

92 981 203 1038 nosque
224 963 367 1020 eilvurum
381 979 417 1020 uc
431 963 573 1020 montium
594 962 722 1036 erigilur‚
744 963 904 1021 lnlrcciuiie
919 979 967 1037 pe·

92 1069 215 1122 rerrnnl.
236 1061 270 1119 hi
302 1067 401 1119 lumen
434 1061 512 1119 inter
533 1059 696 1120 Germanou
718 1061 812 1134 ponus
842 1063 966 1120 relerun·
1038 1073 1039 1084 ¹

93 1168 145 1231 luc,
165 1163 235 1238 quie
272 1167 301 1218 et
321 1163 423 1220 domun
457 1163 569 1236 lingunt
603 1167 633 1218 et
667 1169 750 1218 uculn
781 1168 904 1236 geelanl,
936 1167 967 1220 et

93 1265 200 1336 pedum
235 1279 289 1318 usu
323 1277 359 1319 uc
391 1261 565 1334 pernicitate
598 1263 747 1334 gnudenl3
775 1279 849 1335 quae
869 1261 969 1319 omniu

91 1361 211 1420 diveren
234 1359 376 1418 Ser-mulie
397 1368 474 1426 runt,
494 1361 525 1418 in
548 1361 674 1432 plaustro
694 1379 823 1437 equoque
839 1361 968 1420 virenti·

93 1462 154 1519 bue.
213 1461 329 1518 Fennis
351 1460 422 1518 mirn
456 1460 568 1530 seritur,
598 1460 684 1518 foeda
715 1467 887 1536 pauperula:
909 1479 968 1519 non

94 1579 185 1626 erma,
213 1579 275 1619 non
295 1561 374 1634 equi,
394 1577 454 1618 non
476 1561 622 1619 Penates:
647 1562 739 1620 viclul
761 1563 859 1630 herbe,
881 1562 969 1619 verli·

97 1661 137 1720 lui
149 1663 256 1735 pelles,
275 1659 373 1720 nubile
394 1661 505 1718 humus.
527 1663 590 1718 solu
609 1661 640 1719 in
661 1661 774 1735 eugillie
794 1679 869 1735 spec,
889 1677 970 1736 quau,

97 1760 196 1834 inopie
215 1759 295 1825 lerri,
329 1759 441 1816 oucibus
461 1767 606 1833 espernnl.
668 1761 808 1835 Idemque
844 1767 970 1818 venetur

100 1860 176 1918 uros
197 1858 308 1932 puriter
328 1875 365 1916 uc
386 1859 509 1916 lemiune
524 1861 586 1916 elil.
648 1859 762 1916 Passim
783 1857 861 1916 eninr
882 1858 971 1916 conri-

96 1963 203 2022 lunlur‚
225 1965 394 2032 perlemque
423 1959 547 2030 praedae
575 1964 687 2032 pelunl.
742 1959 807 2015 Nec
828 1959 907 2015 eliud
929 1959 971 2016 iu·

97 2058 225 2116 lculibus
260 2057 384 2116 lerurum
417 2057 608 2133 imbriumque
632 2057 796 2133 suffugium,
826 2077 912 2133 quam
940 2063 972 2116 ul

97 2158 129 2216 in
149 2158 251 2231 nliquo
271 2173 414 2214 rumorum
435 2175 513 2214 nexu
537 2165 739 2232 conteguntur.
772 2159 828 2214 huc
849 2159 972 2214 redeunt

95 2257 236 2320 iuvenes,
262 2257 319 2313 hoc
345 2273 447 2314 renum
475 2261 701 2330 receptaculum.
764 2257 822 2315 Sed
858 2251 972 2314 heulini

97 2357 283 2420 urbilrnnlur‚
293 2373 378 2432 quum
393 2355 541 2429 ingemere
556 2357 642 2432 egris,
656 2357 819 2414 inlaborare
829 2355 972 2424 domibus,

98 2474 166 2516 uuus
187 2455 357 2528 alienaeque
377 2454 506 2512 lorlunas
527 2473 577 2528 epe
593 2461 728 2531 metuque
749 2473 877 2513 versure.
920 2457 972 2514 Se-

100 2557 164 2616 curi
188 2557 328 2612 adversus
359 2554 503 2621 hominen,
524 2556 618 2612 securi
646 2557 785 2612 udvereus
806 2557 897 2623 Dens,
912 2571 972 2614 rem

100 2655 304 2716 difficillimam
325 2653 456 2710 adsecuti
477 2661 553 2722 sunl,
574 2662 605 2712 ul
620 2655 679 2712 illis
700 2673 738 2712 ue
764 2660 835 2712 volu
855 2655 972 2730 quidem

101 2773 175 2831 npue
194 2759 283 2811 errel.
325 2753 433 2810 Celere
447 2753 505 2810 ium
526 2754 673 2812 sabulosaz
688 2751 832 2811 Hellusios
846 2759 871 2811 el
890 2751 976 2811 Oxio-

100 2875 157 2916 nas
190 2871 244 2912 ure
270 2851 415 2910 hominum
438 2851 600 2944 xveritusque,
634 2873 752 2934 corpora
778 2863 861 2934 alque
894 2865 975 2916 udus

102 3021 163 3069 ultra
172 3018 286 3066 Vidulum
296 3021 347 3064 eret
356 3014 484 3064 'sarnam
516 3017 607 3065 Peucini
622 3023 706 3075 lumen,
720 3018 853 3081 Venedique
869 3024 894 3066 el
903 3019 977 3068 Fenni

101 3078 253 3126 Germanicae
262 3077 353 3135 originis
363 3091 411 3123 esre
421 3076 563 3131 ridebantur,
573 3079 642 3140 quod,
654 3077 706 3124 licet
716 3079 739 3125 in
750 3079 861 3126 Sarmatia
876 3079 952 3141 puniti,
962 3094 977 3126 a

101 3139 257 3188 Sarmatarum
267 3137 364 3184 muribnr
373 3137 523 3182 deflecterent.

130 3217 228 3278 Fennis]
261 3216 345 3264 Elorum
355 3215 419 3271 regio
433 3231 447 3261 a
459 3215 538 3269 Plinio.
553 3217 591 3264 lV.
609 3221 643 3264 13.
656 3217 745 3274 dicitur,
764 3217 875 3276 Euiugr'u.
906 3217 978 3266 Folle

99 3277 181 3324 melius
192 3277 303 3334 legeretur
312 3274 432 3332 Feniugin.
466 3275 541 3322 Hodie
551 3275 661 3324 Flnlund.
831 3277 834 3286 “

128 3356 212 3403 Securi
226 3356 333 3404 adrerum
345 3355 412 3416 Deos]
445 3355 500 3401 Nou
517 3358 576 3415 quod
587 3358 661 3402 nullon
676 3343 776 3408 credunt.
787 3355 826 3401 ced
844 3357 902 3412 quud
922 3356 980 3401 nihil

98 3416 235 3463 habenlibue
245 3416 345 3461 adimere
357 3414 395 3460 Dii
404 3414 460 3458 nihil
471 3427 570 3472 possunt.
602 3415 647 3460 sed
664 3417 700 3459 eet
709 3413 746 3456 vel
755 3413 788 3457 ric
805 3425 885 3470 perum
893 3413 980 3457 decore

97 3475 216 3527 adulati
226 3473 327 3523 Deorum
336 3472 456 3524 renlentle
488 3471 550 3520 Em.
