2062 3824
416 207 495 258 car.
521 190 580 258 21.
607 189 666 256 22.
895 183 966 256 135

98 365 147 424 bra
166 369 199 424 et
230 363 363 439 exsurgit
393 363 473 431 toris,
506 365 641 439 ipsosque
661 379 767 421 nervos
787 363 872 420 mbor
892 359 966 436 tegit
1013 367 1014 376 ¹

98 471 127 522 et
154 467 248 523 decor
280 466 476 521 commendat.
538 463 617 521 Noto
650 462 811 522 Corvinum
843 458 968 535 insequi,

100 564 163 638 qnia
185 582 246 622 non
274 563 439 638 peripsum
472 561 673 637 stetisseque
707 560 802 619 minus
816 559 967 620 *laetitiam

99 663 279 738 nitoremque
301 669 462 719 nostrorum
483 667 644 735 temporum
673 659 859 734 exprimeret,
887 659 967 715 vids·

102 778 172 830 mus,
205 763 399 836 inquantum
428 760 539 818 iudicio
568 760 630 818 eins
652 759 698 817 vie
731 763 781 816 aut
808 756 899 816 animi
918 761 969 814 nut

101 859 209 936 ingenii
231 859 358 918 suffecit.

141 962 190 1018 Ad
212 959 390 1017 Ciceronem
411 957 511 1024 venio,
531 956 579 1015 cui
599 957 702 1015 eadem
726 973 822 1030 pugna
836 971 903 1015 cum
922 955 1014 1016 ars-29

103 1059 230 1134 qualibus
245 1061 305 1116 auis
322 1057 385 1126 suit,
395 1075 469 1133 quae
481 1057 553 1115 mitri
569 1055 717 1114 vobiscum
733 1061 784 1113 est.
827 1055 876 1114 ltti
889 1055 970 1113 enim

102 1159 235 1234 antiquos
271 1159 467 1226 mirabantum
499 1156 562 1230 ipse
589 1173 703 1214 suorum
730 1159 890 1230 temporum
911 1155 971 1212 eto·

103 1257 251 1332 quantiam
272 1260 491 1330 anteponebat:
513 1273 570 1314 neo
591 1257 651 1312 utta
671 1271 701 1311 re
728 1256 819 1328 magis
839 1254 971 1312 eiusdem

104 1359 206 1415 aetatis
228 1363 357 1414 oratores
392 1356 557 1430 praecurrit,
588 1371 673 1430 quam
688 1354 811 1428 jndicio.
855 1353 971 1413 Primus

104 1459 179 1514 enim
195 1457 328 1514 excoluit
350 1459 522 1525 orationem,
538 1457 645 1531 primur
659 1462 689 1512 et
713 1456 809 1514 verbis
823 1458 972 1514 detectum

104 1557 235 1614 adhibuit
262 1561 293 1614 et
320 1557 525 1628 compositioni
555 1551 655 1620 artem,
676 1557 755 1612 tocos
779 1573 891 1630 quoque
914 1557 972 1612 tae·

102 1653 187 1712 tiores
222 1653 403 1723 adtentavit,
422 1662 453 1713 et
486 1657 625 1732 quasdam
657 1656 819 1712 sententias
839 1655 971 1734 invenit,

104 1755 201 1830 ntique
217 1754 247 1812 in
263 1753 308 1810 his
322 1754 509 1820 orationibus,
523 1759 593 1830 quas
607 1753 704 1812 senior
716 1754 775 1810 iam
787 1753 869 1810 iuxta
884 1754 972 1812 inem

104 1853 182 1911 vitae
197 1855 371 1925 composuit,
391 1853 422 1911 in
445 1863 499 1920 est,
521 1863 669 1932 postquam
685 1851 778 1926 magis
801 1851 971 1924 proiecerat,

104 1969 212 2027 nanque
226 1957 256 2008 et
280 1952 489 2026 experimentis
503 1953 655 2019 didicerat,
676 1953 750 2026 qrrod
776 1952 914 2024 optimum
930 1951 972 2010 di·

105 2051 191 2109 cenati
206 2069 298 2126 genua
319 2057 403 2108 esset.
446 2053 526 2110 Nam
543 2051 653 2126 priores
670 2053 731 2110 eius
752 2053 898 2110 orationes
912 2067 972 2109 non

42 2219 46 2230 ι
105 2156 207 2208 carent
231 2149 315 2206 vitiis
337 2151 526 2224 antiquitatis.
558 2153 655 2210 tentus
682 2157 725 2208 est
752 2151 782 2210 in
811 2151 971 2225 principiis,

105 2251 209 2324 longua
223 2247 255 2306 in
277 2249 499 2318 narrationibus,
513 2249 622 2308 otiosus
636 2251 715 2308 circa
729 2268 877 2318 excessus,
891 2250 973 2307 tarde

106 2353 316 2415 commovetur,
343 2365 407 2406 raro
425 2349 589 2418 innotescit,
616 2349 702 2424 pauci
729 2367 830 2408 sensus
851 2355 918 2422 apte
943 2353 974 2408 et

105 2463 172 2507 enm
200 2449 324 2523 quodam
349 2449 459 2506 iumine
487 2450 685 2508 terminantur.
706 2449 781 2508 nibit
804 2466 974 2523 excerpere,

17 2561 18 2602 1
104 2548 178 2606 nibit
189 2547 296 2605 reterre
311 2547 423 2622 possis:
446 2553 485 2614 et,
500 2547 624 2606 velutin
639 2549 702 2606 rudi
719 2548 863 2616 aedificio,
876 2549 974 2606 firmus

105 2663 176 2706 sane
191 2646 288 2720 paries
311 2650 342 2703 et
362 2647 522 2715 duraturae,
538 2648 589 2704 sed
612 2647 754 2705 nonsatis
778 2631 924 2720 expolitus
943 2651 975 2706 et

106 2745 275 2820 aptendens.
333 2745 398 2820 Ego
412 2753 508 2804 autem
528 2754 680 2812 oratorem.
707 2747 783 2805 sieut
797 2748 975 2822 locupletem

17 2913 18 2932 Χ
107 2859 143 2902 se
157 2847 269 2902 tautum
296 2845 546 2917 patremfamiliam,
567 2863 626 2904 non
647 2864 685 2904 eo
705 2849 818 2904 tantum
833 2849 902 2904 voto
915 2852 975 2905 tec·

107 2945 138 3001 to
152 2943 224 3017 tegi,
238 2943 314 3016 quod
342 2942 464 3002 imbrem
484 2961 520 3002 ac
548 2950 670 3004 ventum
683 2951 791 3014 arceat,
817 2945 975 3004 sedetiam

108 3042 184 3117 quod
205 3039 301 3098 visum
324 3046 355 3098 et
379 3043 479 3101 oculos
505 3045 650 3102 delectet:
671 3061 730 3102 non
757 3061 794 3102 ea
817 3045 911 3102 sotum
931 3045 974 3103 in·

108 3140 181 3198 strui
201 3139 394 3214 supellectile,
413 3159 486 3216 quae
509 3142 683 3202 necessariis
707 3143 805 3202 usibus
831 3135 974 3216 sufficiat,

110 3237 214 3296 reduit
234 3237 267 3296 in
294 3240 433 3312 adparatu
460 3241 524 3300 eius
550 3246 700 3300 eteorum
727 3246 757 3298 et
779 3257 923 3314 gemmae,
942 3245 976 3300 ut

112 3347 225 3396 sumere
249 3337 281 3395 in
295 3354 396 3396 manua
410 3343 441 3396 et
460 3338 611 3410 adspicere
635 3339 750 3409 saepius
765 3336 870 3392 libeat:
891 3353 976 3407 quae·

109 3435 176 3494 dana
196 3451 269 3494 vero
295 3437 398 3510 proeut
431 3438 593 3508 arceantur,
612 3438 645 3490 nt
669 3432 728 3488 ism
750 3427 918 3484 oblitterata
946 3429 977 3477 et
