2062 3824
396 168 477 216 oar.
504 151 672 218 3³.-35.
934 145 982 216 89

114 315 287 392 ‘inglorium
309 319 405 389 inerit,
426 321 459 380 in
477 322 541 396 ipro
560 329 699 402 terrerum
723 337 759 380 ao
779 325 900 381 naturae
921 322 979 382 fiae

112 415 297 475 ‘oeeidiaae’

151 516 205 572 ‘Si
218 533 317 574 norae
341 522 445 592 genter
459 524 545 593 atque
569 519 669 593 ignota
692 520 771 578 onies
791 509 1021 588 conuitium&

76 689 83 698 ¹
112 611 251 674 ‘aliorum
277 617 460 674 exercituum
485 617 628 690 exemplis
648 635 701 674 voa
732 620 868 676 hortarer.
902 635 979 676 nuno

113 715 226 770 ‘vautra
252 716 361 772 deeora
397 725 557 781 recensete,
591 725 702 774 vestroe
730 701 830 774 oeuloe'
861 719 979 774 interro-

111 813 204 884 ‘gale
247 813 275 870 li
296 821 371 878 aunt,
392 833 463 889 quoa
477 816 609 887 proximo
628 833 714 880 anno,
730 831 817 872 unam
834 817 980 890 legionem

112 906 201 968 ‘furto
213 913 313 968 noctis
333 914 491 986 adgressos,
512 916 639 970 clamore
653 915 823 970 debellantia
838 934 844 970 r
867 914 888 971 ii
903 920 980 972 oete·

111 1011 222 1067 ‘rorum
243 1011 449 1069 Britannorum
477 1013 665 1085 fugacissimi,
695 1014 816 1087 ideoque
845 1019 904 1071 tem
928 1013 978 1071 diu

110 1109 306 1180 ‘superstitea
350 1111 501 1182 Quomodo
522 1113 612 1168 silvae
633 1115 778 1185 saltusque
803 1112 978 1185 penetranti-

110 1207 186 1268 ‘bua
203 1208 391 1266 fortissimum
404 1212 536 1284 quodque
550 1211 656 1268 animal
672 1217 773 1268 eontra
790 1229 880 1278 ruere,
896 1210 975 1284 pavi·

109 1305 164 1362 ‘da
191 1311 223 1362 et
251 1307 359 1363 inertia
390 1308 454 1380 ipro
485 1310 609 1380 agminis
633 1327 706 1366 eono
736 1313 896 1384 pelluntur:
932 1309 975 1366 alc

108 1397 259 1460 ‘acerrimi
274 1403 479 1460 Britannorum
500 1405 557 1463 iam
579 1409 688 1478 pridem
702 1409 888 1466 ceciderunt:
910 1407 975 1464 reli·

109 1503 194 1574 ‘quus
214 1509 260 1557 eet
282 1519 415 1558 numerus
436 1504 605 1577 ignavorum
632 1513 660 1560 et
683 1509 884 1562 metuentium.
903 1521 975 1578 quos

11 1677 12 1682 ἵ
107 1601 200 1674 'quod
227 1601 347 1656 tandem
367 1601 539 1671 invenistia;
569 1620 626 1660 non
659 1587 834 1669 restiterunt,
855 1605 906 1660 aed
925 1605 974 1659 de·

11 1725 12 1768 1
109 1701 117 1729 ⁶
128 1699 263 1771 prehensi
278 1706 354 1754 suut.
377 1701 534 1756 novissime
549 1719 593 1758 rea
616 1707 646 1758 et
666 1709 799 1758 extremo
813 1709 890 1758 metu
912 1718 972 1758 cor·

11 1795 12 1806 ¹
109 1804 192 1873 ‘pora
213 1801 344 1857 defixere
364 1799 395 1856 in
418 1801 462 1856 his
483 1801 625 1872 vestigiis,
645 1801 675 1856 in
701 1801 804 1873 quibua
825 1801 973 1870 pulchram

108 1903 154 1956 ‘et
168 1899 360 1972 spectabilem
378 1899 528 1956 victoriam
544 1899 678 1956 ederetis.
722 1897 891 1970 'l'ranaigite
905 1915 971 1955 oum

105 1999 374 2072 ‘expeditionibusz
399 1999 530 2070 inponite
554 1997 761 2072 quinquaginta
789 1997 873 2054 aunis
895 2017 971 2072 mag·

105 2101 189 2158 ‘uum
203 2101 302 2154 diem:
324 2100 479 2170 adprobate
501 2097 691 2168 Reipublicae
714 2115 868 2175 numquam
889 2116 970 2156 exer·

104 2198 190 2255 ‘oitui
206 2197 334 2268 inputari
355 2197 490 2269 potuisse,
504 2203 553 2252 aut
581 2213 674 2254 morae
689 2198 768 2264 belli,
783 2204 832 2254 aut
853 2214 969 2254 caussae

105 2301 113 2332 ⁶
125 2293 309 2355 rebellandi?

143 2397 182 2454 El
192 2397 368 2468 adloquente
378 2393 472 2448 adhuc
487 2392 624 2466 Agricola
633 2392 756 2450 militum
767 2393 850 2449 ardor
861 2393 968 2454 emine·
980 2403 1021 2462 35

104 2495 161 2562 hat,
182 2501 213 2552 et
235 2494 322 2550 finem
341 2492 479 2548 orationia
506 2491 609 2566 ingena
642 2491 778 2548 alamitae
811 2497 969 2548 consecuta

133 2667 210 2716 Unum
220 2666 339 2724 legionem]
372 2665 460 2712 Nonam
470 2665 579 2722 legionem
588 2682 594 2723 ;
611 2668 635 2712 ut
645 2664 739 2710 vidimur
748 2679 814 2724 rupra
823 2679 871 2725 cap.
882 2667 918 2711 26.

133 2746 238 2804 Agnnnir
253 2745 312 2803 mtto}
345 2744 407 2790 Haec
424 2745 453 2789 de
469 2744 589 2799 homiuum,
607 2758 721 2804 equorum,
739 2757 817 2790 cauum
835 2743 921 2802 agmine
936 2743 968 2791 in·

10 2789 12 2862 ζ
75 2853 78 2860 ,
103 2805 185 2863 turne.

134 2884 186 2931 Non
195 2883 336 2944 rapiamur]
367 2881 401 2928 Ut
417 2881 529 2928 Romanor
539 2885 702 2942 oppugnarent.

131 2963 303 3022 Quinquaginta
317 2961 393 3021 onnia]
429 2961 496 3007 aulul
511 2955 618 3016 Plautius,
634 2973 685 3005 mor
700 2958 808 3004 Claudius
823 2957 877 3018 ipre,
897 2959 967 3018 lmpe

103 3029 171 3075 rator,
195 3020 345 3066 Britannicam
371 3019 538 3078 expeditionem
562 3033 676 3079 suscepere
699 3031 759 3063 anno
780 3016 845 3062 Urbis
864 3019 968 3062 conditae

103 3095 216 3136 nccxov15
232 3095 259 3124 ac
270 3079 361 3138 proinde
378 3079 405 3122 ad
422 3079 478 3122 lrunu
493 3091 572 3123 aunum
584 3093 604 3120 u.
617 3093 636 3123 c.
650 3091 812 3123 oocoxxxvru.
825 3087 970 3122 numerantur

11 3171 12 3176 ,
101 3146 187 3185 tantum
203 3138 254 3184 anni
270 3142 304 3183 ⁴2.
339 3137 381 3183 liic
398 3151 451 3194 ergo
466 3137 627 3196 qninquaginta
643 3137 710 3181 onnia
728 3137 787 3180 illem
804 3136 969 3192 est‚auferme

11 3199 12 3230 ³
104 3196 349 3258 quinquagintnnnm'r.

132 3279 180 3322 Aut
189 3289 276 3321 cuntem
285 3273 417 3332 rebellandi]
436 3272 531 3316 Probate
540 3285 612 3316 moms
621 3270 675 3316 belli
686 3284 713 3314 ex
723 3269 821 3313 locorum
829 3268 970 3320 difficultatm

102 3349 177 3382 oauaae
188 3334 313 3380 rebellandi
323 3346 351 3378 er
360 3333 483 3378 incolarum
493 3329 576 3379 indole,
586 3329 652 3374 luirae
661 3327 779 3385 prolectat.

143 3432 212 3474 rou.
232 3431 284 3472 ur.
567 3408 617 3460 θ’*
